@book{boolelogic,
	title="The Mathematical Analysis of Logic",
	author="George Boole",
	year=1874
}

@book{boolelawsofthought,
	author="George Boole",
	title="The Laws of Thought",
	isbn="978-1-591-02089-9",
	year=1854
}

@book{moderneslexikon,
	title="Das moderne Lexikon",
	publisher="Bertelsmann",
	year=1974,
	author="Dr.~Hermann Athen AND Jörg Bruhn"
}

@book{alsosprachzarathustra,
	title="Also Sprach Zarathustra",
	author="Friedrich Wilhelm Nietzsche",
	year=1894,
	publisher="C.\,G.~Naumann, Leipzig",
	edition="2"
}

@online{introdiction,
	title="Introdiction",
	author="Scroobius Pip",
	ALBUM="Distraction Pieces",
	url="https://www.youtube.com/watch?v=q_Gh8TWpQE8",
	urldate={2014-07-28}
}

@online{abstractetymology,
	author="Douglas Harper",
	url="http://www.etymonline.com/index.php?term=abstract",
	urldate={2014-04-08},
	title="Online Etymology Dictionary"
}

@book{brockhaus1979,
	year=1979,
	title="Der große Brockhaus",
	publisher="F.\,A.~Brockhaus"
}

@book{computerarithmetic,
	year=2008,
	title="Computer Arithmetic and Validity",
	author="Ulrich Kulisch",
	isbn="978-3-11-020319-6"
}


@book{grundkursphilosophiebandiii,
	title="Grundkurse Philosophie, Band 3, Philosophie des Geistes und der Sprache",
	author="Wolfgang Detel",
	isbn="978-3-15-018470-7",
	year=2007
}

@book{grundkursphilosophiebandi,
	author="Wolfgang Detel",
	title="Grundkurs Philosophie - Band 1 - Logik",
	year=2007,
	isbn="978-3-15-018468-4"
}

@book{principiamathematicavol2,
	author="{Bertrand Arthur William Russell} AND {Alfred North Whitehead}",
	title="Principia Mathematica, Volume 2",
	year=1927
}

@book{principiamathematicavol1,
	author="{Bertrand Arthur William Russell} AND {Alfred North Whitehead}",
	title="Principia Mathematica, Volume 1",
	year=1910
}

@online{spiegelhirn,
	url="http://www.spiegel.de/wissenschaft/mensch/hirnstroeme-computer-rekonstruiert-filme-aus-gedanken-a-787867.html",
	author="Markus Becker",
	title=" Hirnströme: Computer rekonstruiert Filme aus Gedanken",
	urldate={2014-05-08}
}

@book{orwell1984,
	title=1984,
	author="George Orwell",
	year=1949
}

@online{xkcdstatistics,
	url="http://xkcd.com/552/",
	author="Randall Patrick Munroe",
	urldate={2014-27-07},
	title="Correlation"
}

@online{xkcdappliedmath,
	url="https://xkcd.com/816/",
	author="Randall Patrick Munroe",
	urldate={2014-05-07},
	title="Applied Math"
}

@book{wahrheitstheorien,
	author="Gunnar Skirbekk",
	title="Wahrheitstheorien",
	year=1977,
	isbn="978-35-1827810-9"
}

@book{morgenroethe,
	author="Friedrich Wilhelm Nietzsche",
	title="Morgenröthe",
	year=1895,
	publisher="C.\,G.~Naumann, Leipzig"
}

@book{wittgenstein,
	title="Tractatus logico-philosophicus",
	author="Ludwig Josef Johann Wittgenstein",
	year=1921,
	isbn="978-3-51-810012-7"
}

@book{lutherbibel,
	title="Luther-Bibel",
	year=1912,
	author={Anonyme Autoren}
}

@book{bibel,
	title="Bibel, \textsc{Elberfelder}",
	year=1905,
	author={Anonyme Autoren}
}

@book{ahistoryofformallogic,
	title="\textsc{A history of formal logic}",
	author={{Joseph Maria Bocheński}},
	year=1961
}

@misc{bentolman,
	author={\hbox{Ben Tolman}},
	year=2005,
	title="Cognitive Transformation"
}

@online{oxforddictabstraction,
	title="Oxford English Dictionary",
	urldate={2014-07-08},
	year=2014,
	url="http://www.oxforddictionaries.com/definition/english/abstraction"
}

@book{logicsemanticsmetamathematics,
	author="Alfred Tarski",
	title="Logics, Semantics and Metamathematics",
	year=1956
}

@article{carnapneuealtelogik,
	author="Paul Rudolf Carnap",
	year=1930,
	title="Die alte und die neue Logik",
	pages={73 -- 88},
	journal="Wahrheitstheorien (herausgegeben von Gunnar Skirbekk, Suhrkamp)",
	isbn="978-3-518-27810-9"
}

@book{froehlichewissenschaft,
	title="Die fröhliche Wissenschaft",
	abbrev="FW",
	year=1882,
	author="Friedrich Wilhelm Nietzsche"
}

@article{goedel,
	title="Über formal unentscheidbare Sätze in der Principia Mathematica und verwandter Systeme I",
	author="Kurt Friedrich Gödel",
	year=1931,
	journal="Monatshefte zur Mathematik und Physik",
	pages={173 -- 198}
}

@book{einfuehrungmathematischelogik,
	author="Alfred Tarski",
	title="Einführung in die mathematische Logik",
	year=1966
}

@book{taocp4,
	author="Donald Ervin Knuth",
	title="The Art of Computer Programming, Volume 4A",
	year=2013,
	isbn="978-0-201-03804-0"
}

@book{taocp2,
	author="Donald Ervin Knuth",
	title="The Art of Computer Programming, Volume 2",
	year=1998,
	isbn="978-0-201-89684-8"
}

@book{taocp,
	author="Donald Ervin Knuth",
	title="The Art of Computer Programming",
	year={ab 1968}
}


@book{taocp1,
	author="Donald Ervin Knuth",
	title="The Art of Computer Programming, Volume 1",
	year=1968,
	isbn="978-0-201-89683-1"
}

@online{innenperspektive,
	author={Ernst Mach},
	year=1886,
	title="Innenperspektive",
	url="https://de.wikipedia.org/wiki/Datei:Ernst_Mach_Innenperspektive.png",
	urldate="2019-01-03"
}

@online{stanfordqualia,
	url="http://plato.stanford.edu/entries/qualia/",
	urldate={2014-07-08},
	title="Qualia (Stanford Encyclopedia of Philosophy)"
}

@book{asearchforstructure,
	title="A Search for Structure",
	author="Cyril Stanley Smith",
	year=1982,
	isbn="978-0-262-19191-3"
}

@book{dehomine,
	author="René Descartes",
	title="De Homine",
	year=1664
}

@book{popperhirn,
	title="Das Ich und sein Gehirn",
	author="Sir Karl Raimund Popper AND Sir John Carew Eccles",
	year=1977,
	isbn="978-3-492-21096-6"
}

@misc{werbistich,
	author={Käptn Peng (Robert Gwisdek)},
	title="Werbistich?",
	year=2012
}

@online{awakeduringsurgery,
	url="http://edition.cnn.com/2010/HEALTH/05/17/general.anesthesia/",
	urldate={2014-07-22},
	title="Awake during surgery: 'I'm in hell'"
}

@online{anasthetika,
	url="http://www.newscientist.com/article/mg21228402.300-banishing-consciousness-the-mystery-of-anaesthesia.html?full=true#.U5B30CiTLic",
	urldate={2014-07-22},
	title="Banishing consciousness: the mystery of anaesthesia"
}

@online{logicalatomism,
	url="http://www.britannica.com/EBchecked/topic/346308/Logical-Atomism",
	title="Logical Atomism (philosophy) -- Encyclopedia Britannica",
	urldate={2014-07-25}
}

@online{cauchy,
	url="http://www.kau.edu.sa/Files/0003377/files/4649_Cauchy%20sequence.pdf",
	title="Cauchy Sequence",
	author="Dr. Hamed H Al-Sulami",
	urldate={2014-07-25}
}

@online{cognitivemodelling,
	url={http://www2.units.it/delmisfa/papers/CognitiveModeling2007.pdf},
	urldate={2014-07-25},
	author="Ron Sun AND Danilo Fum AND Fabio Del Missier AND Andrea Stocco",
	title="The cognitive modeling of human behavior: Why a model is (sometimes) better than 10,000 words"
}

@book{mathematischelogikrussell,
	author="Bertrand Arthur William Russell",
	title="Einführung in die mathematische Philosophie",
	year=1919
}

@book{metaphysik2,
	title="Metaphysik (τὰ μετὰ τὰ φυσικά)",
	author={Aristoteles (Ἀριστοτέλης) (Übersetzer: Hermann Bonitz)},
	year=1966,
	publisher="Rowohlt"

}

@book{frege,
	author="Friedrich Ludwig Gottlob Frege",
	title="Grundgesetze der Arithmetik",
	year=1893
}

@misc{enver,
	title="Enver",
	author="Gris AND Wakka AND Meyah Don AND Shiranu AND Amewu",
	year=2013
}

@online{neuralnetworkshistory,
	title="History: The 1940's to the 1970's",
	url="http://cs.stanford.edu/people/eroberts/courses/soco/projects/neural-networks/History/history1.html",
	urldate={2014-08-13}
}

@online{neuralnetworksandroidcurrency,
	url="http://rhushabhbhandari.in/links/cs676report.pdf",
	urldate={2014-08-13},
	title="Neural network based currency recognition on an Android OS based mobile",
	author="Rhushabh Bhandari"
}

@book{neuralnetworksandlearningmachines,
	title="Neural Networks and Learning Machines",
	author="Simon Haykin",
	year=2008,
	isbn="978-0-131-47139-9"
}

@article{levenshtein,
	title="Binary Codes Capable of Correcting Deletions, Insertions and Reversals",
	journal="Doklady Physics: a journal of the Russian Academy of Sciences",
	author="Vladimir Levenshtein",
	year=1966,
	pages="707 -- 710"
}

@online{recurrentneuralnetworks,
	url="http://www.scholarpedia.org/article/Recurrent_neural_networks",
	title="Recurrent neural networks",
	urldate={2014-08-14},
	author=" Dr.~Stephen Grossberg"
}

@book{seltsameschleife,
	author="Douglas Richard Hofstadter",
	title="Ich bin eine seltsame Schleife",
	year=2008,
	isbn="978-3-608-94444-0"
}

@online{recurrentneuralnetworksschmidhuber,
	url="http://www.idsia.ch/~juergen/rnn.html",
	author="Prof. Jürgen Schmidhuber",
	title="Recurrent Neural Networks",
	year=2013,
	urldate={2014-08-14}
}

@other{zodiaclogo,
	author="Trespaz AND Zodiac",
	title="\zodiac",
	year=2014
}

@article{facingchalmers,
	title="Facing Up to the Problem of Consciousness",
	author="David John Chalmers",
	year=1995,
	journal="Journal of Consciousness Studies"
}

@other{quantenselbstmord,
	author="Thomas Pyrin",
	year=2011,
	title="Quantenselbstmord",
	album="Psychonautik"
}

@book{brockhaus1952,
	title="Der große Brockhaus",
	year=1952,
	publisher="F.\,A.~Brockhaus, Wiesbaden"
}

@book{taocp3,
	author="Donald Ervin Knuth",
	title="The Art of Computer Programming, Volume 3",
	year=1998,
	isbn="978-0-201-89685-5"
}

@book{empiricalmodelbuilding,
	author="Norman Richard Draper AND George Edward Pelham Box",
	title="Empirical Model-Building and Response Surfaces",
	year=1987,
	isbn="978-0471-81033-9"
}

@book{lambert,
	title="Mémoire sur quelques propriétés remarquables des quantités transcendantes circulaires et logarithmiques",
	year=1768,
	author="Johann Heinrich Lambert"
}

@online{gizmodopi,
	title="How Many Digits of Pi Do You Really Need?",
	author="Jamie Condliffe",
	url="http://gizmodo.com/5985858/how-many-digits-of-pi-do-you-really-need",
	urldate={2014-09-05}
}

@online{minecraftcpu,
	title="HACK III - Minecraft's Most Powerful Computer to Date",
	author="Th3Fa113n1",
	url="http://www.minecraftforum.net/forums/minecraft-discussion/redstone-discussion-and/349591-hack-iii-minecrafts-most-powerful-computer-to-date",
	year=2011,
	urldate={2014-09-05}
}

@online{numberofneurons,
	title="The remarkable, yet not extraordinary, human brain as a scaled-up primate brain and its associated cost",
	author="Suzana Herculano-Houzel",
	year=2012,
	url="http://www.ncbi.nlm.nih.gov/pmc/articles/PMC3386878/",
	urldate={2014-09-05}
}

@book{reemergence,
	title="The re-emergence of ``emergence''",
	author="Peter Andrew Corning",
	year=2002
}

@article{neuralnetworksknowledge,
	title="Neural Networks and Structured Knowledge: Knowledge Representation and Reasoning",
	author="Franz Josef Kurfess",
	journal="Applied Intelligence",
	year=1999,
	volume=11,
	issue=1,
	pages="5 -- 13"
}

@article{googleneuralnet,
	title="ImageNet Classification with Deep Convolutional Neural Networks",
	author="Alex Krizhevsky AND Ilya Sutskever AND Geoffrey Everest Hinton",
	journal = "Advances in Neural Information Processing Systems",
	volume=25,
	editor = {F. Pereira and C.J.C. Burges and L. Bottou and K.Q. Weinberger},
	pages = {1097 -- 1105},
	year = 2012,
	publisher = {Curran Associates, Inc.}

}
	
@online{googleneuralnet2,
	url="http://gizmodo.com/google-built-an-insane-neural-network-to-id-house-numbe-1499897368",
	year=2014,
	urldate={2014-09-09},
	title="Google Street View Uses an Insane Neural Network To ID House Numbers",
	author="Kelsey Campbell-Dollaghan"
}

@article{evolutionofconsciousness,
	title="The evolution of consciousness",
	author="Max Velmans",
	year=2012,
	journal="Contemporary Social Science",
	volume=7,
	pages="117 -- 138"
}

@online{berkeleyplato,
	title="George Berkeley (Stanford Encyclopedia of Philosophy)",
	year=2004,
	author="Lisa Downing",
	urldate={2014-09-10}
}

@book{winkler,
	author="Kenneth P. Winkler",
	title="Berkeley: An Interpretation",
	year=1989,
	isbn="978-0198-24907-8"
}

@book{berkeleyprinciples,
	title="A Treatise Concerning the Principles of Human Knowledge",
	author="George Berkeley",
	year=1710
}

@book{problemsofphilosophy,
	title="The Problems of Philosophy",
	author="Bertrand Arthur William Russell",
	year=1912
}

@online{timeiep,
	url="http://www.iep.utm.edu/time/",
	title="Time",
	author="Bradley Dowden",
	urldate={2015-08-17}
}

@online{descartesdualism1,
	url="http://www.iep.utm.edu/descmind/",
	title="The Mind-Body Distinction",
	author="Justin Skirry",
	urldate={2014-09-12}
}

@online{berkeleypdf,
	url="http://philosophyfaculty.ucsd.edu/faculty/rickless/Rickless/Courses_files/BerkeleysArgument4Idealism.pdf",
	urldate={2014-09-12},
	author="Samuel Charles Rickless",
	title="Berkeley: the argument for idealism"
}

@online{braincompressor,
	title="Consciousness is Data Compression",
	author="Phil Maguire AND Rebecca Maguire",
	url="http://csjarchive.cogsci.rpi.edu/proceedings/2010/papers/0270/paper0270.pdf",
	urldate={2014-10-04},
	year=2010
}

@article{lz77,
	title="A Universal Algorithm for Sequential Data Compression",
	author="Jacob Ziv AND Abraham Lempel",
	year=1977,
	journal="IEEE transactions on Information Theory",
	volume="IT-23, Nr. 3",
	pages="337 -- 343"
}

@online{debugger,
	url="http://xkcd.com/1163/",
	author="Randall Patrick Munroe",
	urldate={2014-10-04},
	title="Debugger"
}

@online{machineconscioussness,
	title="A Perspective on Machine Consciousness",
	author="Dilip Kumar Prasad AND Janusz Antoni Starzyk",
	url="http://www.ohio.edu/people/starzykj/network/research/Papers/conf%20A%20perspective%20on%20Machine%20Consciousness%202010.pdf",
	year=2010,
	isbn="978-1-61208-108-3",
	urldate={2014-10-11}
}

@online{vonneumann,
	title="Philosophical Perspectives on Artificial Intelligence",
	author="Eric Roberts",
	url="http://cs.stanford.edu/people/eroberts/courses/soco/projects/2004-05/ai/",
	year=2004,
	urldate={2014-10-11}
}

@online{stanfordotherminds,
	title="Other Minds",
	author="Alec Hyslop",
	url="http://plato.stanford.edu/entries/other-minds/",
	year=2014,
	urldate={2014-10-11}
}

@online{mememachine,
	author="Susan Jane Blackmore",
	title="Consciousness in Meme Machines",
	year="2003",
	urldate={2014-10-12},
	url="http://www.susanblackmore.co.uk/Articles/JCS03.pdf"
}

@article{distinction,
	author="Andrew Friedman",
	title="The fundamental distinction between brains and turing machines",
	year=2002,
	journal="Berkeley Scientific",
	volume="Vol. 6 Issue 1",
	pages="28 -- 33"
}

@article{psychological,
	title="The ``Psychological'' Limits of Neural Computation",
	journal="Dealing with Complexity: A Neural Network Approach",
	author="Andonie Razvan",
	year=1997,
	isbn="3-540-76160-8",
	pages="252 -- 263"
}

@online{chineseroom,
	url="http://eprints.soton.ac.uk/260424/1/chineseroom.html",
	title="Searle's Chinese Room Argument",
	year=2005,
	urldate={2014-10-13},
	author="Stevan Harnad"
}

@article{connectionist,
	journal="Lecture Notes in Computer Science",
	volume="Vol. 2084",
	year=2001,
	pages="158 -- 165",
	title="Verifying Properties of Neural Networks",
	author="Pedro Rodrigues AND J. F\'elix Costa, Hava T. Siegelmann"
}

@article{recurrentneuralnetworkspower,
	title="The Computational Power of Interactive Recurrent Neural Networks",
	author="J\'er\'emie Cabessa AND Hava T. Siegelmann",
	journal="Journal of Neural Computation",
	volume="Vol. 24 Issue 4",
	year=2012,
	pages="996 -- 1019"
}

@article{computationalismtrivial,
	title="Is Computionalism trivial?",
	author="Marcin Mi{\l}kowski",
	year=2007,
	journal="Dodig Crnkovic",
	pages="236 -- 246"
}

@online{computationalgap,
	title="The Computational Explanatory Gap",
	author="James Allen Reggia AND Derek Monner AND Jared Sylvester",
	year=2013,
	url="https://www.cs.umd.edu/~jared/iacap2013b.pdf",
	urldate={2014-10-11}
}

@online{knuthbraincomputer,
	title="Authors@Google: Donald Knuth",
	author="Donald Ervin Knuth",
	url="https://www.youtube.com/watch?v=JPpk-1btGZk",
	urldate={2014-10-20},
	year=2009
}

@book{nozizeptoren,
	author="Alan Fein",
	title="Nociceptors: the cells that sense pain",
	year=2012
}

@online{gentlebackpropagation,
	title="A Gentle Introduction to Backpropagation",
	author="Shashi Sathyanarayana",
	year=2014,
	urldate={2014-10-23},
	url="http://numericinsight.com/uploads/A_Gentle_Introduction_to_Backpropagation.pdf"
}

@book{carnapscheinfragen,
	title="Scheinprobleme in der Philosophie und andere metaphysikkritische Schriften",
	author="Paul Rudolf Carnap",
	publisher="Meiner Verlag, Hamburg",
	year=2004,
	isbn="3-7873-1683-3"
}

@article{computationalisminthephilosophyofmind,
	title="Computationalism in the Philosophy of Mind",
	author="Gualtiero Piccinini",
	journal="Philosophy Compass",
	volume=4,
	year=2009,
	pages="515 -- 532"
}

@book{principiaphilosophiae,
	author="René Descartes",
	year=1644,
	title="Principia philosophiae"
}

@article{descartesargumentformindbodydualism,
	title="Descartes' Argument for mind-body-dualism",
	author="Douglas C. Long",
	year=1969,
	journal="The Philosophical Forum",
	volume="1:3",
	pages="259 -- 273"
}

@online{descartesplato,
	title="René Descartes (Stanford Encyclopedia of Philosophy)",
	author="Gary Hatfield",
	year=2014,
	url="http://plato.stanford.edu/entries/descartes/",
	urldate={2014-10-24}
}

@online{dualismplato,
	url="http://plato.stanford.edu/entries/dualism/",
	title="Dualism (Stanford Encyclopedia of Philosophy)",
	year=2011,
	author="Howard Robinson",
	urldate={2014-10-24}
}

@online{pinealgland,
	title="Descartes and the Pineal Gland (Stanford Encyclopedia of Philosophy)",
	author="Gert-Jan Lokhorst",
	year=2013,
	url="http://plato.stanford.edu/entries/pineal-gland/",
	urldate={2014-10-24}
}

@online{holmbrauer,
	author="Dr.~Holm Bräuer",
	title="6. Philosophie des Geistes",
	year=2013,
	url="http://tu-dresden.de/die_tu_dresden/fakultaeten/philosophische_fakultaet/iph/thph/braeuer/lehre/theophil_10/Philosophie%20des%20Geistes%201%20SS%202013.pdf",
	urldate={2014-10-28}
}

@misc{dangerdan,
	title="Einzig Und Allein",
	author="Danger Dan (Antilopengang)",
	album="Juice Vol. 112",
	year=2012
}

@book{consciousnessexplained,
	title="Consciousness explained",
	author="Daniel Clement Dennett III",
	year=1991,
	isbn="978-0-316-18066-5"
}

@article{losttheplot,
	title="Lost the Plot? Reconstructing Dennett's Multiple Drafts Theory of Consciousness",
	author="Kathleen Akins",
	journal="Mind \& Language",
	volume="Vol. 11. Nr. 1",
	issn="0268-1064",
	pages="1 -- 43"
}
		

@book{russellabendland,
	title="Philosophie des Abendlandes",
	isbn="978-3-492-24208-0",
	author="Bertrand Arthur William Russell",
	year=1950
}

@article{extraordinaryclaims,
	title="On the Extraordinary: An Attempt at Clarification",
	author="Marcello Truzzi",
	year=1978,
	journal="Zetetic Scholar",
	volume="Vol. 1, No. 1",
	pages="11"
}

@book{logikderforschung,
	author="Karl Raimund Popper",
	title="Logik der Forschung",
	year=1934
}

@article{frameworkcrickkoch,
	author="Francis Crick AND Christof Koch",
	title=" A framework for consciousness",
	journal="Nature Neuroscience",
	volume="Vol. 6, Nr. 2",
	year=2003
}

@online{ultrafinitism,
	url="http://plato.stanford.edu/entries/philosophy-mathematics/",
	title="Philosophy of Mathematics",
	author="Leon Horsten",
	year=2012,
	urldate={2014-11-07}
}

@book{russellaufsaetze,
	title="Philosophische und politische Aufsätze",
	author="Bertrand Arthur William Russell",
	year=1977,
	isbn="3-15-007970-5",
	publisher="Philipp Reclam jun., Stuttgart"
}

@online{oxfordmatter,
	url="http://www.oxforddictionaries.com/definition/english/matter",
	title="matter: definition of matter in Oxford dictionary (British \& World English)",
	year=2014,
	urldate={2014-11-07}
}

@online{einsteinonline,
	url="http://www.einstein-online.info/vertiefung/TraegeSchwere",
	author="Markus Pössel",
	title={\glqq Träge und schwere Masse\grqq\ in: Einstein Online Vol. 04 (2010), 1119},
	year=2010,
	urldate={2014-11-07}
}

@article{chineseroomoriginal,
	title="Minds, Brains, and Programs",
	author="John Rogers Searle",
	year=1980,
	journal="The Behavioral and Brain Sciences",
	pages="417 -- 424",
	volume="Vol. 3"
}

@online{whatswrongwithsearle,
	author="Stevan Harnad",
	title="What's Wrong and Right About Searle's Chinese Room Argument?",
	year=2005,
	url="http://cogprints.org/4023/",
	urldate={2014-11-07}
}

@article{chinesebrain,
	title="Troubles with functionalism",
	author="Ned Joel Block",
	year=1978,
	journal="Minnesota Studies in The Philosophy of Science",
	volume="Vol. 9",
	pages="261 -- 325"
}

@book{leibnitzmonadologie,
	title="Monadologie",
	author="Gottfried Wilhelm von Leibniz",
	year=1714
}

@online{frankjacksonmary,
	url="http://plato.stanford.edu/entries/qualia-knowledge/",
	title="Qualia: The Knowledge Argument (Stanford Encyclopedia of Philosophy)",
	author="Martine Nida-Rümelin",
	year=2009,
	urldate={2014-11-07}
}

@book{philosophischeswoerterbuchband2,
	author="Georg Klaus AND Manfred Buhr", 
	title="Philosophisches Wörterbuch, Band 2",
	year=1970,
	edition="7. Auflage",
	publisher="VEB Bibliographisches Institut, Leipzig"
}

@book{philosophischeswoerterbuchband1,
	author="Georg Klaus AND Manfred Buhr", 
	title="Philosophisches Wörterbuch, Band 1",
	year=1970,
	edition="7. Auflage",
	publisher="VEB Bibliographisches Institut, Leipzig"
}

@online{petitioprincipiisource,
	url="http://users.humboldt.edu/goodman/glossary.html",
	title="Glossary for Logic",
	urldate={2014-11-11},
	author="Michael F. Goodman"
}

@online{tunneloflove,
	url="http://www.gocomics.com/nonsequitur/2012/07/20",
	urldate={2014-11-14},
	author="Wiley Miller",
	title="Non sequitur --- The state of mind fair"
}

@article{koch,
	title="A Theory of Consciousness",
	author="Christof Koch",
	journal="Scientific American Mind",
	volume="July/August 2009",
	year=2009,
	pages="16 -- 19"
}

@other{ueberwahrheitundluge,
	author="Friedrich Wilhelm Nietzsche",
	title="Über Wahrheit und Lüge im außermoralischen Sinne",
	year="1873"
}

@other{billybragg,
	title="No One Knows Nothing Anymore",
	author="Billy Bragg",
	year=2013,
	album="Tooth \& Nail",
	track=2
}

@article{falsememory,
	title="Neuropsychology and pseudomemories",
	author="Maarten J. V. Peters AND Marko Jelicic AND Harald Merckelbach",
	journal="Focus on Neuropsychology Research",
	pages="103 --- 125",
	year=2005,
	isbn="1-59454-779-3"
}

@book{brainhandbook,
	title="The Handbook of Brain Theory and Neural Networks",
	author="Michael A. Arbib",
	publisher="M.\,I.\,T. Press",
	year=1995,
	isbn="0-262-01148-5",
}

@other{stonedjesus,
	title="Stoned Jesus",
	author="Igor Sydorenko",
	album="Seven thunders roar",
	year=2012
}

@online{dilthey,
	url="http://plato.stanford.edu/entries/dilthey/",
	urldate={2014-12-06},
	author="Rudolf Makkreel",
	year=2012,
	title="Wilhelm Dilthey"
}

@other{pyrinescher,
	author="Thomas Pyrin",
	url="https://www.youtube.com/watch?v=2hsy25DDpg0",
	urldate={2014-12-08},
	year=2011,
	title="Escher"
}

@other{pyrinjetzt,
	author="Thomas Pyrin",
	url="https://www.youtube.com/watch?v=2C5HxbC1qNE",
	urldate={2017-09-10},
	title="Jetzt"
}

@book{churchland,
	title="Die Seelenmaschine",
	subtitle="Eine philosophische Reise ins Gehirn",
	author="Paul Montgomery Churchland",
	year=1995,
	isbn="3-8274-1020-7"
}

@book{jenseitsvongutundboese,
	author="Friedrich Wilhelm Nietzsche",
	title="Jenseits von Gut und Böse",
	year=1886,
	subtitle="Vorspiel einer Philosophie der Zukunft"
}


@book{sofieswelt,
	title="Sofies Welt",
	author="Jostein Gaarder",
	isbn="978-3-423-62000-0",
	year=1999,
	publisher="Deutscher Taschenbuch Verlag GmbH \& Co. KG, München"
}


@other{pixies,
	title="Where is my mind?",
	album="Surfer Rosa",
	author="Pixies",
	year=1988
}

@article{faultandfailuretolerance,
	title="Fault and Failure Tolerance",
	author="Jack D. Cowan",
	year=1995,
	asin="B0006R12HW",
	institution = {Santa Fe Institute},
	journal="Santa Fe Institute Technical Report",
	volume="95-10-096"
}

@online{halfabrain,
	url="http://www.telegraph.co.uk/news/science/science-news/3294761/Girl-with-half-a-brain-becomes-fluent-in-two-languages.html",
	title="Girl with half a brain becomes fluent in two languages",
	year=2002,
	author="Hannah Cleaver AND David Derbyshire",
	urldate={2014-12-21}
}

@article{halfabrain2,
	title="Half brain but not half function",
	author="Maria T. Acosta AND Patricia Monta\H{n}ez AND Fidias E. Leon-Sarmiento",
	year=2002,
	journal="The Lancet",
}

@online{hopkins,
	urldate={2014-12-21},
	title="Understanding Rasmussen Syndrome",
	author="Adam Lindsay Hartman",
	year=2013,
	url="http://www.hopkinsmedicine.org/neurology_neurosurgery/centers_clinics/rasmussen_syndrome/about_rasmussen_syndrome.html"
}

@online{mapnotterritory,
	url="http://pages.uoregon.edu/moursund/Math/computational_math.htm",
	title="Computational Mathematics",
	author="Dave Moursund",
	year=2002,
	urldate={2014-12-25}
}

@other{renemagritte,
	title="La trahison des images",
	author="René Magritte",
	year="1928 -- 1929",
	url="http://math2033.uark.edu/wiki/index.php/The_Treachery_of_Images"
}

@book{ancientmindbodyproblem,
	title="Body and Soul in Ancient Philosophy",
	author="Dorothea Frede AND Burkhard Reis",
	year=2009,
	isbn="978-3-110-21652-3"
}

@misc{sockosophie,
	title="Sockosophie",
	author="Käptn Peng \& Die Tentakel von Delphi",
	album="Expedition ins O",
	year=2013
}

@book{sokrates,
	title="Der platonische Sokrates",
	publisher="Königshausen \& Neumann",
	year=2006,
	isbn="978-3-826-03363-6",
	author="Gerhart Schmidt"
}

@article{hierarchynature,
	author="Andrew M. Saxe AND James L. McClelland AND Surya Ganguli",
	title="Learning hierarchical category structure in deep neural networks",
	year=2013,
	journal="Proceedings of the 35th annual meeting of the Cognitive Science Society",
	pages="1271 -- 1276",
	publisher="Cognitive Science Society"
}

@book{huxley,
	title="The Doors of Perception",
	subtitle="Heaven and Hell",
	author="Aldous Huxley",
	year=1952,
	isbn="978-1-907-59009-2"
}

@online{melatonin,
	title="Melatonin und Schlaf-Wach Regulation",
	url="http://www.diss.fu-berlin.de/diss/servlets/MCRFileNodeServlet/FUDISS_derivate_000000004553/Melatonin_und_Schlaf-Wach_Regulation.pdf?hosts",
	author="Dieter Kunz",
	year=2006,
	urldate={2015-01-04}
}

@online{coloreliminativism,
	title="Color",
	subtitle="Internet Encyclopedia of Philosophy",
	url="http://www.iep.utm.edu/color/",
	author="Eric M. Rubenstein",
	urldate={2015-01-05}
}

@book{fritzzorn,
	title="Mars",
	author="Federico Angst",
	year=1976,
	isbn="3-596-22202-8"
}

@online{kochquote,
	title="Can Machines Be Conscious?",
	author="Christof Koch AND Giulio Tononi",
	year=2008,
	url="http://spectrum.ieee.org/biomedical/imaging/can-machines-be-conscious",
	urldate={2015-01-08}
}

@online{knuthnordby,
	author="Knut Nordby",
	url="http://consc.net/misc/achromat.html",
	year=1996,
	urldate={2015-01-10},
	title="Vision in a complete achromat: a personal account"
}

@online{brain1,
	url="http://www.cogsci.rpi.edu/~heuveb/Teaching/CogSci/Web/Presentations/BrainHemispheres.pdf",
	author="Bram van Heuveln",
	title="The Brain: Hemispheres",
	urldate={2015-01-10}
}

@online{brain2,
	url="http://www.cogsci.rpi.edu/public_html/heuveb/Teaching/CogSci/Web/Presentations/BrainBasics.pdf",
	author="Bram van Heuveln",
	title="Brain Basics",
	subtitle="Introduction to Cognitive Science",
	urldate={2015-01-10}
}

@online{brain3,
	url="http://science.education.nih.gov/supplements/nih2/addiction/activities/lesson2_neurotransmission.htm",
	title="The Brain: Understanding Neurobiology Through the Study of Addiction",
	subtitle="How Neurotransmission Works",
	year=2010,
	urldate={2015-01-10},
	author="E. Leong Way AND David Friedman AND Mary Ann Cutter AND JoAnne Dombrowski AND Paula Henderson AND Laura McNicholas AND Michael Dougherty"
}

@book{kellerloch,
	title="Aufzeichnungen aus dem Kellerloch",
	author="Fjodor Michailowitsch Dostojewski",
	isbn="978-3-866-47307-2",
	year=1864
}

@book{ulysses,
	title="Ulysses",
	author="James Augustine Aloysius Joyce",
	year=1922,
	publisher="Sylvia Beach"
}

@article{cricktest,
	title="A Test for Consciousness",
	author="Christof Koch AND Giulio Tononi",
	url="http://www.cs.virginia.edu/~robins/A_Test_for_Consciousness.pdf",
	journal="Scientific American",
	year=2011,
	issn="0036-8733",
	volume=304,
	pages="44 -- 47"
}

@online{earhair,
	url="http://corey.med.harvard.edu/media.html",
	author="David P. Corey",
	year=2010,
	urldate={2015-01-23},
	title="Images | Corey Laboratory"
}

@misc{nmzsdasistmeins,
	title="Das ist meins",
	author="NMZS",
	year=2013
}

@article{explanatorygap,
	author="Joseph Levine",
	title="Materialism and Qualia: The explanatory gap",
	year=1983,
	journal="Pacific Philosophical Quarterly",
	volume=64
}

@online{consciousnessstanford,
	title="Consciousness",
	url="http://plato.stanford.edu/entries/consciousness/",
	author="Robert Van Gulick",
	year=2014,
	urldate={2015-02-01}
}

@book{principlesofpsychology,
	author="William James",
	year=1890,
	title="The Principles of Psychology"
}

@book{lanausea,
	title="Der Ekel",
	author="Jean-Paul Satre",
	year=1963,
	isbn="4-499-10581-0",
	publisher="Rowohlt Taschenbuch"
}

@online{escher,
	author="Maurits Cornelis Escher",
	title="Belvedere",
	year=1958,
	urldate={2015-02-06},
	url="http://www.wikiart.org/en/m-c-escher/belvedere"
}

@book{russellinquiryoftruth,
	title="An inquiry into meaning and truth",
	author="Bertrand Arthur William Russell",
	year=1940
}

@book{aspectsofthenovel,
	author="Edward Morgan Forster",
	year=1927,
	title="Aspects of the Novel"
}

@online{neuralnetworksandcomputationalbrain,
	url="http://psych.utoronto.ca/users/reingold/courses/ai/cache/neur_net.htm",
	title="Neural Networks and the Computational Brain",
	subtitle="Matters relating to Artificial Intelligence",
	author="Stephen Jones",
	urldate={2015-02-06},
	year=2007
}

@other{eminem,
	author="Eminem",
	album="Recovery",
	year=2010,
	title="Love the Way You Lie"
}

@book{geb,
	title="Gödel, Escher, Bach",
	author="Douglas Richard Hofstadter",
	year=1979,
	isbn="978-0-465-02656-2"
}

@online{globalworkspace,
	url="http://www.hcs.harvard.edu/~hsmbb/BRAIN/vol2/consciousness.html",
	urldate={2015-02-13},
	author="Josh McDermott",
	title="Global Workspace Theory: Consciousness Explained?",
	year=1995
}

@online{integratedinformationtheory,
	title="Integrated information theory",
	author="Giulio Tononi",
	year=2015,
	url="http://www.scholarpedia.org/article/Integrated_information_theory",
	urldate={2015-02-14}
}

@book{albertcamus,
	title="Der Mythos des Sisyphus",
	author="Albert Camus",
	isbn="3-499-22765-7",
	year=1942
}

@other{scarson45,
	author="Danny Bemrose AND Aimee Driver AND David Nowakowski AND Chris Durling",
	title="Change My Needs",
	subtitle="Scars on 45",
	year=2012
}

@other{jawsentinel,
	title="Untergrundsklaven",
	album="Gehirn im Mixer Mixtape",
	year=2009,
	author="JAW AND Sentinel"
}

@book{bausteineentwicklung,
	author="Anna Jean Ayres",
	title="Bausteine der kindlichen Entwicklung",
	publisher="Springer-Verlag",
	isbn="3-540-13303-8",
	year=1979
}

@online{xkcdtrapped,
	author="Randall Patrick Munroe",
	title="Trapped",
	year=2011,
	urldate={2015-02-28},
	url="http://xkcd.com/876/"
}

@online{braininavat,
	url="http://plato.stanford.edu/entries/skepticism-content-externalism/",
	author="Tony Brueckner",
	year=2012,
	urldate={2015-03-01},
	title="Skepticism and Content Externalism"
}

@book{handbookofconsciousness,
	title="The Cambridge Handbook of Consciousness",
	author="Philip David Zelazo AND Morris Moscovitch AND Evan Thompson",
	publisher="Cambridge University Press",
	isbn="978-0-521-85743-7",
	year=2007
}

@online{obscuresorrows,
	title="The Dictionary of Obscure Sorrows",
	year=2013,
	url="http://www.dictionaryofobscuresorrows.com/post/23536922667/sonder",
	urldate={2015-03-21}
}

@book{genealogiedermoral,
	title="Zur Genealogie der Moral",
	author="Friedrich Wilhelm Nietzsche",
	year=1887
}


@article{handvollbemerkungen,
	title="Eine handvoll Bemerkungen zur begrifflichen Unübersichtlichkeit von \glqq Bewusstsein\grqq",
	author="Andreas Kemmerling",
	journal="Bewußtsein und Repräsentation",
	isbn="3-506-73244-7",
	pages="55 -- 71",
	year=1998
}

@article{knowingonesmind,
	title="Knowing One's Own Mind",
	author="Donald Herbert Davidson",
	year=1987,
	journal="Proceedings and Addresses of the American Philosophical Association",
	volume=60,
	pages="441 -- 458"
}

@online{mathinventedordiscovered,
	title="Is math invented or discovered?",
	author="Mario Livio",
	url="http://www.sfu.ca/~rpyke/cafe/livio.pdf",
	urldate={2015-03-29},
	subtitle="A leading astrophysicist suggests that the answer to the millennia-old question is both"
}

@article{unreasonableeffectivenessofmath,
	title="The Unreasonable Effectiveness of Mathematics",
	author="Richard Wesley Hamming",
	year=1980,
	journal="The American Mathematical Monthly",
	volume="84:2",
	pages="81 -- 90"
}

@online{personalidentity,
	title="Personal Identity",
	url="http://plato.stanford.edu/entries/identity-personal/",
	year=2010,
	urldate={2015-03-29}
}

@book{lehrbuchchemie,
	title="Lehrbuch der anorganischen Chemie",
	author="Arnold F. Holleman",
	year=1995,
	edition="102. Auflage",
	isbn="978-3-110177-701"
}

@book{leibseeleproblemundwissenschaft,
	title="Das Leib-Seele-Problem und die involvierten Natur- und Strukturwissenschaften",
	author="Norman Koch",
	isbn="978-3-737597-159",
	year={2016}
}

@book{astronomy,
	author="Herbert Hall Turner",
	year=1904,
	title="Astronomical Discovery"
}

@online{astronomiede,
	url="http://www.astronomie.de/bibliothek/artikel-und-beitraege/geschichte/die-suche-nach-vulkan/",
	title="Die Suche nach Vulkan: Wie ein nicht vorhandener Planet die Astronomen narrte",
	author="Wolfgang Hernschier",
	year=1994,
	urldate={2015-03-31}
}

@book{seinundzeit,
	author="Martin Heidegger",
	title="Sein und Zeit",
	abbrev="SuZ",
	year=1967,
	publisher="Max Niemeyer Verlag, Tübingen"
}

@online{multiplerealizability,
	url="http://plato.stanford.edu/entries/multiple-realizability/",
	year=2013,
	author="John Bickle",
	urldate={2015-04-02}
}

@online{physicalismplato,
	url="http://plato.stanford.edu/entries/physicalism/",
	urldate={2015-04-02},
	year=2015,
	author="Daniel Stoljar"
}

@book{makingofaphilosopher,
	title="The Making of a Philosopher",
	author="Colin McGinn",
	isbn="978-0-060957-605",
	year=2003
}

@other{presslufthammer,
	author="Antilopengang",
	title="Der goldene Presslufthammer",
	year=2014,
	album="Aversion"
}

@book{atreatiseonhumannature,
	author="David Hume",
	year=1739,
	title="A Treatise of Human Nature",
	publisher="Oxford: Clarendon Press (1896)"
}

@book{huckfinn,
	title="Warum Huckleberry Finn nicht süchtig wurde",
	year=1999,
	author="Eckhard Schiffer",
	isbn="3-407-22004-0"
}

@online{piaget,
	url="https://www.uni-due.de/edit/lp/kognitiv/piaget.htm",
	title="Das Entwicklungsstufenmodell nach Piaget",
	author="Ansgar A. Plassmann AND Günter Schmitt",
	year=2011,
	urldate={2015-04-11}
}

@book{nietzschex,
	title="Nietzsches Werke Band X",
	subtitle="Schriften u. Entwürfe, 1872 -- 1876",
	author="Friedrich Wilhelm Nietzsche",
	year=1896,
	publisher="C.~G.~Neumann, Leipzig"
}

@online{churchlandsinterview,
	url="https://www.youtube.com/watch?v=LpJSeLY8cWs",
	year=2010,
	title="Patricia and Paul Churchland on Consciousness",
	urldate={2015-05-02}
}

@book{digitaltypography,
	isbn="1-57586-010-4",
	year=1999,
	title="Digital Typography",
	author="Donald Ervin Knuth",
	publisher="University of Chicago Press"
}

@article{whatisitliketobeabat,
	title="What Is it Like to Be a Bat?",
	author="Thomas Nagel",
	journal="The Philosophical Review",
	year=1974,
	pages="435 -- 450"
}

@online{skymap,
	url="http://commons.wikimedia.org/wiki/File:NGC_2467_Hubble_WikiSky.jpg",
	year=2008,
	urldate={2015-05-17},
	title="NGC 2467 open cluster and emission nebula by Hubble Space Telescope",
	author="NASA"
}

@book{weisenderwelterzeugung,
	title="Weisen der Welterzeugung",
	author="Nelson Goodman",
	isbn="978-3-518-28463-6",
	year=1984
}

@book{washeisstdenken,
	author="Martin Heidegger",
	title="Was heißt Denken?",
	isbn="978-3-15-008805-0"
}

@online{googleresearch,
	url="http://googleresearch.blogspot.de/2015/06/inceptionism-going-deeper-into-neural.html",
	title="Inceptionism: Going Deeper into Neural Networks",
	year=2015,
	urldate={2015-06-19}
}

@article{fool,
	author="Anh Nguyen AND Jason Yosinski AND Jeff Clune",
	title="Deep Neural Networks are Easily Fooled: High Confidence Predictions for Unrecognizable Images",
	year=2015,
	journal="IEEE"
}

@book{anessay,
	title="An Essay Concerning Human Understanding",
	author="John Locke",
	year=1994,
	isbn="0-87975-917-8"
}

@article{newlysighted,
	title="The newly sighted fail to match seen with felt",
	author="Richard Held AND Yuri Ostrovsky AND Beatrice de Gelder AND Tapan Gandhi AND Suma Ganesh AND Umang Mathur AND Pawan Sinha",
	journal="Nature Neuroscience",
	year=2011
}

@online{deeplearningforvision,
	title="Deep Learning Methods for Vision",
	author="Honglak Lee",
	url="http://cs.nyu.edu/~fergus/tutorials/deep_learning_cvpr12/CVPR2012-Tutorial_lee.pdf",
	year=2012,
	urldate={2015-06-21}
}

@book{ausdererfahrungdesdenkens,
	author="Martin Heidegger",
	title="Aus der Erfahrung des Denkens",
	publisher="Neske",
	year=1986
}

@book{wasistphilosophie,
	title="Was ist das -- die Philosophie?",
	author="Martin Heidegger",
	publisher="Neske",
	year=1981,
	isbn="3-7885-0117-0"
}

@other{wolfmotherdimension,
	title="Dimensions",
	author="Wolfmother",
	album="Wolfmother",
	year=2005
}

@other{wolfmother,
	title="Where Eagles Have Been",
	author="Wolfmother",
	album="Wolfmother",
	year=2005
}

@book{derfeldweg,
	title="Der Feldweg",
	author="Martin Heidegger",
	isbn="978-3-46-503491-9",
	year=2006
}

@article{penrose,
	title="Penrose's Gödelian argument",
	author="Solomon Feferman",
	year=1996,
	journal="PSYCHE 2",
	pages={21 -- 32}
}

@online{milkyway,
	url="http://www.pbs.org/seeinginthedark/astronomy-topics/light-pollution.html",
	year=2008,
	urldate={2015-07-04},
	author="Andrew Fraknoi",
	title="Light Pollution"
}

@book{menschlichesallzumenschliches,
	title="Menschliches, Allzumenschliches",
	subtitle="Ein Buch für freie Geister",
	author="Friedrich Wilhelm Nietzsche",
	year=1878
}

@book{menschlichesallzumenschlichesii,
	title="Menschliches, Allzumenschliches",
	subtitle="Ein Buch für freie Geister",
	author="Friedrich Wilhelm Nietzsche",
	year=1879
}

@online{cosmologicalprinciple,
	url="http://abyss.uoregon.edu/~js/cosmo/lectures/lec05.html",
	title="Cosmological Principle",
	author="James Schombert",
	urldate={2015-07-05},
	year=2005
}

@online{schlange,
	url="https://openclipart.org/detail/215030/ouroboros",
	title="Ouroboros",
	author="xoxoxo",
	year=2015,
	urldate={2015-07-07}
}

@article{lashley,
	author="Karl Spencer Lashley",
	title="In Search of the Engram",
	journal="Brain physiology and psychology",
	year=1950
}

@book{antichrist,
	title="Der Antichrist",
	author="Friedrich Wilhelm Nietzsche",
	year="1895"
}

@online{childabuse,
	journal="National Institute of Justice",
	title="An Update on the ``Cycle of Violence''",
	author="Cathy Spatz Widom AND Michael G. Maxfield",
	year=2001
}

@other{lookaroundyoubrain,
	title="Look around you --- The Brain",
	author="Robert Popper AND Peter Serafinowicz",
	year=2002,
	publisher="BBC2"
}

@book{fashionablenonsense,
	title="Fashionable Nonsense",
	year=1997,
	publisher="Picador, New York",
	author="Alan David Sokal AND Jean Bricmont",
	isbn="0-312-20407-8"
}

@article{quantumgravity,
	title="Transgressing the Boundaries: Towards a Transformative Hermeneutics of Quantum Gravity",
	author="Alan David Sokal",
	year=1996,
	journal="Social Text",
	pages="217 --- 252",
	volume="46/47"
}

@book{frueheschriften,
	title="Frühe Schriften",
	author="Carl Koch AND Karl Schlechta",
	year=1994
}

@book{complexnetworks,
	title="Complex Networks",
	author="Eli Ben-Naim AND Hans Frauenfelder AND Zoltan Toroczkai",
	year=2004,
	publisher="Springer",
	isbn="3-540-22354-1"
}

@book{neuralcomputing,
	title="An Introduction to Neural Computing",
	author="Igor Aleksander AND Helen Morton",
	isbn="9-7804-12-37780-8",
	year=1990
}

@book{augustinus,
	title="Confessions",
	author="Augustinus von Hippo",
	year=397
}

@book{brockhaus,
	title="Brockhaus-Enzyklopädie",
	edition="19. Auflage",
	isbn="3-7653-1100-6"
}

@book{dichtungundphilosophie,
	title="Dichtung und Philosophie",
	author="Hermann Fraenkel",
	year=1962
}

@book{eccehomo,
	title="Ecce Homo",
	author="Friedrich Wilhelm Nietzsche",
	year=1889
}

@online{bg1,
	title="Columbia River Gorge Painting",
	url="http://thetalkingwallsmurals.blogspot.de/2015/10/columbia-river-gorge-painting.html",
	author="Corie Hinton",
	urldate={2016-10-17}
}

@book{synchronizitaet,
	title="Über Synchronizität",
	author="Carl Gustav Jung",
	year=1971
}

@book{heraklitneu,
	author="Heraklit",
	title="Heraklit-Fragmente",
	autor="Heraklit von Ephesos",
	publisher="Insel-Verlag",
	year=1952
}

@book{marriageofheavenandhell,
	title="\textsc{The marriage} of \textsc{heaven} and \textsc{hell}",
	author="William Blake",
	year=1975
}

@book{piraha,
	author="Daniel Leonard Everett",
	title="Don't Sleep, There Are Snakes",
	year=2008
}

@book{heideggerheraklit,
	title="Heraklit",
	author="Martin Heidegger",
	year=1979,
	publisher="Vittorio Klostermann",
	volume=55
}

@book{peakexperiences,
	author="Raymond Corsini",
	title="Encyclopedia of Psychology",
	year=1998
}

@book{einheitheraklit,
	title="Einheit und Vielheit bei Heraklit von Ephesos",
	author="Thomas Hammer",
	year=1991
}

@book{etymologischeslexikon,
	author="Wolfgang Pfeifer et al.",
	title="Etymologisches Wörterbuch des Deutschen",
	year=1989
}

@online{epikurbueste,
	url="https://en.wikipedia.org/wiki/File:Epikouros_BM_1843.jpg",
	year=2011,
	author="Marie-Lan Nguyen",
	urldate={2016-10-29}
}

@book{texbook,
	title="The \TeX book",
	author="Donald Ervin Knuth",
	year=2011
}

@book{ueberdiepsychologiedesunbewussten,
	title="Über die Psychologie des Unbewußten",
	author="Carl Gustav Jung",
	year=1971
}

@misc{ridersonthestormthedoors,
	author={The Doors (Jim Morrison et al.)},
	title="Riders on the storm",
	year=1971
}

@misc{seafretoceans,
	title="Oceans",
	author="Seafret",
	year=2016
}

@url{eKGWB,
	title="Digitale Kritische Gesamtausgabe",
	url="http://www.nietzschesource.org/#eKGWB",
	author="Friedrich Nietzsche",
	urldate={2016-12-01}
}

@url{vierfarbensatz,
	url="http://www.ams.org/notices/200811/tx081101382p.pdf",
	title="Formal Proof --- The Four-Color Theorem",
	author="Georges Gonthier",
	urldate={2017-01-11}
}

@book{aufzeichnungengutundboese,
	author="Friedrich Wilhelm Nietzsche",
	title="Aufzeichnungen zu Jenseits von Gut und Böse",
	year=1885
}

@book{goetzendaemmerung,
	author="Friedrich Wilhelm Nietzsche",
	title="Götzen-Dämmerung",
	year=1896
}

@other{singularity,
	title="Singularity",
	author="The Lisps",
	year=2012
}

@online{trottel,
	url="https://www.heise.de/tp/features/Wenn-wir-etwas-mit-Rationalitaet-ueberziehen-erzeugen-wir-wider-Willen-neue-Moeglichkeiten-der-3399726.html",
	title={"Wenn wir etwas mit Rationalität überziehen, erzeugen wir wider Willen neue Möglichkeiten der Irrationalität"},
	author="Markus Gabriel",
	year=2013,
	urldate={2017-01-14}
}

@book{vorsokratiker,
	title="Die Vorsokratiker",
	subtitle="Griechisch/Deutsch",
	isbn="3-15-007865-9",
	author="Jaap Mansfeld"
}

@online{nasamoon,
	url="http://nssdc.gsfc.nasa.gov/planetary/factsheet/moonfact.html",
	title="Moon Fact Sheet",
	author="David R. Williams",
	urldate={2017-02-14}
}

@online{nasafeather,
	url="https://history.nasa.gov/alsj/a15/a15.clsout3.html",
	year=1996,
	author="Eric M. Jones",
	urldate={2017-02-14}
}

@book{euklid,
	title="Elemente",
	author="Euklid",
	year=2015,
	isbn="978-3-8085-5482-1"
}

@book{ahistoryofmathematicalnotations,
	title="A history of mathematical notations",
	author="Florian Cajori",
	year=1993
}

@online{featherandhammermoon,
	url="https://www.history.nasa.gov/alsj/a15/images15.html",
	title="Apollo 15 Map and Image Library",
	author="Eric M. Jones",
	year=1996,
	urldate={2017-02-14}
}

@book{proofwithoutwords,
	title="Proofs without words",
	author="Roger B. Nelsen",
	year=1993,
	isbn="978-0-88385-700-7"
}

@online{mondphase,
	url="http://www.voidware.com/moon_phase.htm",
	title="Moon phase calculation",
	urldate={2017-02-14}
}

@InCollection{sep_identity_indiscernible,
	author       =	{Forrest, Peter},
	title        =	{The Identity of Indiscernibles},
	booktitle    =	{The Stanford Encyclopedia of Philosophy},
	editor       =	{Edward N. Zalta},
	howpublished =	{\url{https://plato.stanford.edu/archives/win2016/entries/identity-indiscernible/}},
	year         =	{2016},
	edition      =	{Winter 2016},
	publisher    =	{Metaphysics Research Lab, Stanford University}
}

@online{faust,
	title="Faust. Eine Tragödie.",
	author="Johann Wolfgang von Goethe",
	year=1828,
}

@online{gravity,
	title="How precise is Earth's gravity?",
	author="Glen Thorncroft",
	url="http://www.calpoly.edu/~gthorncr/ME302/documents/AccuracyofGravity.pdf",
	urldate={2017-02-14}
}

@online{kronecker,
	title="Kronecker Biography",
	author="J. J. O'Connor AND E. F. Robertson",
	url="http://www-history.mcs.st-andrews.ac.uk/Biographies/Kronecker.html",
	urldate={2017-02-14}
}

@music{moondog,
	author={Moondog (Louis Thomas Hardin)},
	title="Moondog",
	year=1969
}

@music{artifact,
	author="Matthew Correia AND Spencer Dunham AND Miles Michaud AND Pedrum Siadatian",
	title="\textrm{Künstlerkollektivname}: Allah-Las, \textrm{Album}: \frq Worship the Sun\flq, \textrm{Titel}: \frq Artifact\flq",
	year=2014
}

@book{britannica,
	title="Encyclopædia Britannica",
	publisher="William Benton",
	year=1964
}

@online{piformel,
	title="``BBP Formula.'' From MathWorld --- A Wolfram Web Resource",
	author="Weisstein, Eric W.",
	url="http://mathworld.wolfram.com/BBPFormula.html",
	urldate={2017-03-20}
}

@book{gadsby,
	title="Gadsby",
	author="Ernest Vincent Wright",
	year=2009,
	isbn="978-1-60543-306-6"
}

@book{pauly,
	title="Der kleine Pauly",
	author="Autorenkollektiv",
	year="1979"
}

@book{britannicanew,
	title="Encyclopædia Britannica",
	publisher="Encyclopædia Britannica, Inc.",
	year=1998
}

@music{littleboots,
	title="\textrm{Künstlername}: \frq Little Boots\flq, \textrm{Album}: \frq Hands\flq, \textrm{Titel}: \frq Mathematics\flq",
	author="Victoria Christina Hesketh",
	album="Hands",
	yeaar=2009
}

@book{kochzahlen,
	author="Norman Koch",
	title="Die Welt als Zahl bei den Pythagoreern",
	year=2017
}

@book{grundbegriffe,
	title="Grundbegriffe",
	subtitle="III. Abteilung. Vorlesungen 1923 -- 1944",
	author="Martin Heidegger",
	year=1981,
	publisher="Vittorio Klostermann"
}

@book{gayscience,
	title="Gay Science",
	author="Friedrich Wilhelm Nietzsche"
}

@online{kingjamesbible,
	title="King James Bible",
	url="http://biblehub.com/",
	urldate={2017-04-09}
}

@online{kantenlightenment,
	title="What is Enlightenment?",
	author="Immanuel Kant",
	url="http://www.artoftheory.com/what-is-enlightenment_immanuel-kant/",
	urldate={2017-04-09}
}

@book{encyclopedia1988,
	title="Encyclopædia Britannica",
	publisher="Encyclopædia Britannica, Inc.",
	year=1988
}

@book{whatiscalledthinking,
	author="Martin Heidegger",
	title="What Is Called Thinking?",
	year=1968
}

@book{outsider,
	title="The Outsider",
	author="Colin Wilson",
	year=1956
}

@online{alanwattszen,
	url="https://www.erowid.org/culture/characters/watts_alan/watts_alan_article4.shtml",
	urldate={2017-04-09},
	author="Alan Watts",
	title="Lecture on Zen"
}

@book{peakexperiencesmaslow,
	title="Religions, values and peak-experiences",
	author="Abraham Maslow",
	year=1976,
	isbn="0\,14\,00.4262\,8"
}

@book{steppenwolf,
	title="Der Steppenwolf",
	author="Hermann Hesse",
	year=1927
}

@online{bunnyman,
	url="http://www.fairfaxcounty.gov/library/branches/vr/bunny/",
	title=" The Bunny Man Unmasked: The Real Life Origins of an Urban Legend",
	author="Brian A. Conley",
	urldate={2017-04-12}
}

@online{russellnotachristian,
	url="https://www.youtube.com/watch?v=dsSCyNpo__I",
	title="Why are you not a Christian?",
	author="Bertrand Arthur William Russell"
}

@book{archetypen,
	title="Archetypen",
	author="Carl Gustav Jung",
	year=2003,
	isbn="978-3423-35175-1"
}

@online{epicurusgod,
	url="http://www.defaithed.com/quotes/2009/04/then-why-call-him-god",
	title="Then why call him God?",
	urldate={2017-04-12}
}

@book{methodikprogrammieren,
	author="Edsger Wybe Dijkstra",
	title="Methodik des Programmierens",
	year=1985
}

@online{alexandroffkompaktifizierung,
	url="https://www.encyclopediaofmath.org/index.php/Aleksandrov_compactification",
	title="Aleksandrov compactification - Encyclopedia of Mathematics",
	urldate={2017-04-05},
	author="Vitaly Vitalievich Fedorchuk"
}

@online{achillschildkroete,
	url="https://de.wikipedia.org/wiki/Achilles_und_die_Schildkr%C3%B6te",
	title="Achilles und die Schildkröte --- Wikipedia",
	urldate={2017-04-05}
}

@InCollection{zeno_plato,
	author       =	{Huggett, Nick},
	title        =	{Zeno's Paradoxes},
	booktitle    =	{The Stanford Encyclopedia of Philosophy},
	editor       =	{Edward N. Zalta},
	howpublished =	{\url{https://plato.stanford.edu/archives/win2010/entries/paradox-zeno/}},
	year         =	{2010},
	edition      =	{Winter 2010},
	publisher    =	{Metaphysics Research Lab, Stanford University}
}

@book{philosophensterben,
	author="Frank Schweizer",
	title="Wie Philosophen sterben",
	year=2003
}

@online{wikiheidegger,
	url="https://de.wikipedia.org/wiki/Martin_Heidegger",
	title="Martin Heidegger --- Wikipedia",
	urldate={2017-04-08}
}

@book{pythagorasich,
	author="Norman Koch",
	title="Die Welt als Zahl bei den Pythagoreern",
	year=2016
}

@book{griechischesdenken,
	author="Norman Koch",
	title="Die Weise des griechischen Denkens an den Beispielen Heraklit und Parmenides",
	year=2016
}

@book{zenon,
	title="Zenon von Elea",
	subtitle="Studien zu den 'Argumenten gegen die Vielheit' und zum sogenannten 'Argument des Orts'",
	author="Gerhard Köhler",
	year=2015
}

@book{lexikonbuddhismus,
	title="Lexikon des Buddhismus",
	author="Klaus-Josef Notz",
	year=1998
}

@online{infinitesum,
	url="http://www.texample.net/tikz/examples/geometric-series/",
	title="Example: Representation of a geometric series",
	author="Jimi Oke",
	urldate={2017-04-08}
}

@online{sum,
	url="http://www.texample.net/tikz/examples/geometric-series/",
	title="Example: Representation of a geometric series",
	author="Jimi Oke",
	urldate={2017-04-08}
}

@online{zenoiep,
	url="http://www.iep.utm.edu/zeno-par/",
	author="Bradley Dowden",
	urldate={2017-04-11},
	title="Zeno's Paradoxes | Internet Encyclopedia of Philosophy"
}

@online{dothemathnemesisfixx,
	title="Do the math",
	album="Esoteric",
	author="Nemesis Fixx",
	year=2016
}

@online{peterhammillcretansalwayslie,
	title="Cretans Always Lie",
	author="Peter Hammill",
	year=2004,
	url="https://www.youtube.com/watch?v=jzThE5qwOe4",
	album="Incoherence",
	urldate={2017-04-12}
}

@article{larvaltherapy,
	title="Larval therapy: a novel treatment in eliminating methicillin-resistant Staphylococcus aureus from diabetic foot ulcers.",
	author=" Frank L. Bowling AND Eleanna V. Salgami AND Andrew J.M. Boulton",
	journal="Journal of Infection",
	volume="55",
	issue="3",
	year="2007"
}

@article{wuesteunerreichbarkeit,
	title="Neutrinoastrophysik und Neutrinoruhmasse",
	author="Till Kirsten",
	journal="Physikalische Blätter",
	volume="39",
	year="1983",
	pages="313\ ---\ 317"
}

@InCollection{sep-hume-religion,
	author       =	{Russell, Paul and Kraal, Anders},
	title        =	{Hume on Religion},
	booktitle    =	{The Stanford Encyclopedia of Philosophy},
	editor       =	{Edward N. Zalta},
	howpublished =	{\url{https://plato.stanford.edu/archives/sum2017/entries/hume-religion/}},
	year         =	{2017},
	edition      =	{Summer 2017},
	publisher    =	{Metaphysics Research Lab, Stanford University},
	urldate={2017-05-31}
}

@InCollection{iep-hume-religion,
	author       =	{C. M. Lorkowski},
	title        =	{David Hume: Religion},
	booktitle    =	{Internet Encyclopedia of Philosophy},
	howpublished =	{\url{http://www.iep.utm.edu/hume-rel/}},
	year         =	{2017},
	urldate={2017-05-31}
}

@article{humeevil,
	author="Nelson Pike",
	volume={72 (2)},
	year="1963",
	journal="The Philosophical Review",
	pages="180\ ---\ 197",
	title="Hume on Evil"
}

@article{humestudiesevil,
	title="Hume's Dialogues on Evil",
	author="Stanley Tweym",
	journal="Hume Studies",
	volume={XIII (1)},
	year="1987",
	pages="74\ ---\ 85"
}

@article{humeoverallevil,
	author="Tony Pitson",
	title="The Miseries of Life: Hume and the Problem of Evil.",
	journal="Hume Studies",
	volume="34 (1)",
	year="2008",
	pages="89\ ---\ 114"
}

@book{theodizeehume,
	author="Gordon Jung",
	title="Das Theodizee-Problem in David Humes \glqq Dialoge über natürliche Religion\grqq",
	year=2013
}

@book{theodizeehume2,
	title="Gottes Güte und die Übel der Welt: Das Theodizeeproblem",
	year=1992,
	author="Gerhard Streminger"
}

@book{theodizeehume3,
	title="Erkenntnis - Freiheit - Religion: David Humes Religionskritik",
	author="Franz Zauner",
	year=2011
}

@book{ensof,
	title="Jüdisches Denken. Theologie --- Philosophie --- Mystik",
	author="Erich Grözinger",
	year=2004
}

@book{philmittelalter,
	title="Grundprobleme der großen Philosophen --- Philosophie des Altertums und des Mittelalters",
	author="A. Patzner AND K. Borman AND E. Vollrath AND F. Körner AND W. Kluxen AND . Flasch",
	year=1990
}

@book{anfang,
	author="Martin Heidegger",
	title="Heidegger Gesamtausgabe, Band 70: über den Anfang",
	year=2005
}

@book{heideggerding,
	title="Die Frage nach dem Ding",
	author="Martin Heidegger",
	year=1987,
	publisher="Max Niemeyer Verlag Tübingen"
}

@online{egoshzooter,
	title="Egoshzooter",
	author={Absztrakkt},
	year=2011,
	url="https://www.youtube.com/watch?v=0w8tMnTMYw4",
	urldate="2019-02-23"
}

@book{frueheschriftenheidegger,
	author="Martin Heidegger",
	title="Frühe Schriften",
	year=1972
}

@book{diels,
	author="Hermann Diels",
	title="Die Fragmente der Vorsokratiker",
	year=1957
}

@book{lersch,
	title="Der Aufbau des Charakters",
	author="Philipp Lersch",
	year=1948
}

@book{lexikontheologiekirche,
	title="Lexikon für Theologie und Kirche",
	author="Michael Buchberger AND Hermann Schäufele AND Josef Höfer AND Karl Rahner",
	year=1959
}

@online{blakeworld,
	title="``To See a World...''",
	author="William Blake",
	url="https://www.poetryloverspage.com/poets/blake/to_see_world.html",
	urldate={2017-06-09}
}

@online{blakeancientdays,
	title="The Ancient of Days",
	author="William Blake",
	year=1794,
	url="https://en.wikipedia.org/wiki/File:Europe_a_Prophecy_copy_K_plate_01.jpg",
	urldate={2017-06-09}
}

@article{vacuumfluctation,
	title="Is the Universe a Vacuum Fluctuation?",
	author="Edward P. Tyron",
	year=1973,
	journal="Nature",
	volume="246",
	pages={396 ---\ 397}
}

@book{urknall,
	title="Der Urknall --- Anfang und Zukunft des Universums",
	author="Hans-Joachim Blome AND Harald Zaun",
	year=2004,
	publisher="C. H. Beck"
}

@online{sunhead,
	url="http://www.geocities.ws/henrybayman/en/alc.htm",
	title="\textsc{Alchemy and Sufism}",
	author="Henry Bayman",
	urldate={2017-06-15}
}

@online{pleasureprinciple,
	title="The pleasure principle",
	author="René François Ghislain Magritte",
	url="https://www.wikiart.org/en/rene-magritte/the-pleasure-principle-portrait-of-edward-james-1937",
	urldate={2017-06-15}
}

@online{wiktionaryperas,
	title="πέρας --- Wiktionary",
	url="https://en.wiktionary.org/wiki/%CF%80%CE%AD%CF%81%CE%B1%CF%82",
	urldate={2017-06-16}
}

@book{kaballa,
	author="Joseph Dan",
	title="Die Kaballa --- Eine kleine Einführung",
	year=2007,
	publisher="Reclam"
}

@Article{cantorunendlich,
	author="Jan{\'e}, Ignacio",
	title="The role of the absolute infinite in Cantor's conception of set",
	journal="Erkenntnis",
	year="1995",
	volume="42",
	number="3",
	pages="375--402",
	issn="1572-8420",
	doi="10.1007/BF01129011",
	url="http://dx.doi.org/10.1007/BF01129011"
}

@book{hopi,
	title="The fourth World of the Hopis",
	author="Harold Courlander",
	year="1994"
}

@book{linotype,
	title="Linotype-Instruktionsbuch",
	year=1958,
	author="Erwin Niebel"
}

@online{nietzschebrief,
	title="An Paul Deussen in Oberdreis",
	year=1868,
	url="http://www.nietzschesource.org/#eKGWB/BVN-1868,595",
	author="Friedrich Wilhelm Nietzsche"
}

@book{drachenbuch,
	title="Compiler-Bau",
	author="Alfred Vaino Aho AND Ravi Sethi AND Jeffrey David Ullman",
	publisher="Addison-Wesley",
	year=1994,
	isbn="3-89319-150-x"
}

@book{psychologiederweltanschauungen,
	title="Psychologie der Weltanschauungen",
	author="Karl Jaspers",
	year=1922
}

@book{nietzschefragmente,
	title="Nachgelassene Fragmente",
	year=1894,
	author="Friedrich Wilhelm Nietzsche"
}

@online{lesenetymologie,
	url="https://en.wiktionary.org/wiki/Reconstruction:Proto-Germanic/lesan%C4%85",
	title="Reconstruction:Proto-Germanic/lesaną",
	urldate={2017-09-10}
}

@book{lovecraftschleichendechaos,
	title="Gesammelte Werke",
	subtitle="Das schleichende Chaos",
	author="Howard Phillips Lovecraft",
	volume="3",
	publisher="Festa-Verlag",
	year=2011,
	isbn="978-3-86552-056-2"
}

@online{beksinski,
	url="https://static.boredpanda.com/blog/wp-content/uploads/2015/07/10-facts-you-should-know-about-Zdzislaw-Beksinski-and-his-outstanding-art9__880.jpg",
	author="Zdzisław Beksiński",
	title="\textit{kein Titel}",
	urldate={2017-09-10}
}

@book{logicmysticism,
	author="Bertrand Arthur William Russell",
	title="Mysticism and Logic: And Other Essays",
	year=1976,
	isbn="0-389-20135-9"
}

@online{knuthallquestionsanswered,
	title="All questions answered",
	url="http://www.ams.org/notices/200203/fea-knuth.pdf",
	author="Donald Ervin Knuth",
	year=2002,
	urldate={2017-09-12}
}

@online{sherlockholmesboehmen,
	author="Arthur Ignatius Conan Doyle",
	title="Ein Skandal in Böhmen",
	year=2005,
	url="http://gutenberg.spiegel.de/buch/-1155/1",
	urldate={2017-09-12}
}

@online{portwein,
	author="Morlockk Dilemma AND JAW AND \hbox{R.\,U.\,F.\,F.\,K.\,I.\,D.\,D}. AND Hiob",
	title="Portwein",
	url="https://www.youtube.com/watch?v=8BKT90a8lVs",
	year=2011,
	urldate={2017-09-12}
}

@book{meditationen,
	author="René Descartes",
	title="Meditationen",
	subtitle="Über die Grundlagen der Philosophie",
	publisher="Felix Meiner Verlag",
	year=1960
}

@book{spinozaethik,
	title="Ethik",
	subtitle="In geometrischer Weise behandelt in fünf Teilen",
	author="Baruch de Spinoza"
}


@other{kantaufklaerung,
	title="Beantwortung der Frage: Was ist Aufklärung?",
	year=1784,
	author="Immanuel Kant"
}

@online{knuthlookback,
	title="A Look Back: A 1996 Interview with Donald Knuth on The Art of Computer Programming",
	author="Donald Ervin Knuth",
	year=2009,
	urldate={2017-09-18},
	url="http://www.informit.com/articles/article.aspx?p=1327952"
}

@online{faztrump,
	url="http://www.faz.net/aktuell/politik/trumps-praesidentschaft/amerikanische-vorwahlen-schock-es-ist-trump-14215119.html",
	title="Schock – es ist Trump!",
	author="Klaus-Dieter Frankenberger",
	urldate={2017-09-18}
}

@online{betweenheavenandhell,
	url="https://sabin-boykinov.deviantart.com/art/Between-Heaven-and-Hell-184708411",
	urldate={2017-09-18},
	author="Sabin Boykinov",
	title="Between Heaven and Hell"
}

@online{brueghelheaven,
	url="https://commons.wikimedia.org/wiki/File:Jan_Brueghel_de_Oude_en_Peter_Paul_Rubens_-_Het_aards_paradijs_met_de_zondeval_van_Adam_en_Eva.jpg",
	urldate={2017-09-18},
	author="{Peter Paul Rubens} AND {Jan Brueghel der Ältere}",
	title="The Garden of Eden with the Fall of Man",
	year=1617
}

@book{dertodungeloestesproblem,
	title="Der Tod --- ein ungelöstes Problem",
	author="Gerhard Grubeck",
	year=1989,
	isbn="9783836611954"
}

@book{peircecollectedpapers,
	title="The Collected Papers Volume I.: Principles of Philosophy",
	author="Charles Sanders Peirce",
	year=1931
}

@book{beksinskibookdrawings,
	author="Zdzisław Beksiński AND Anny I Piotra Dmochowskich AND Wiesława Banacha AND Włodzimierza Skleniarza",
	title="Zdzisław Beksiński --- Malasrtwo | Painting",
	year=2016,
	isbn="978-83-945113-2-6"
}

@book{mindchildren,
	author="Hans Peter Moravec",
	title="Mind Children",
	subtitle="The Future of Robot and Human Intelligence",
	year=1990,
	isbn="9780674576186"
}

@book{lovecraftgrossenalten,
	title="Die großen Alten",
	author="Howard Phillips Lovecraft",
	publisher="Festa-Verlag",
	volume=6,
	year=2010,
	isbn="978-3-86552-067-8"
}

@book{egoistischesgen,
	title="Das egoistische Gen",
	author="Richard Dawkins",
	year=1994,
	isbn="3499196093",
	publisher="Rowohlt Taschenbuch-Verlag"
}

@book{kantlexikon,
	title="Kant-Lexikon",
	subtitle="Nachschlagewerk zu Immanuel Kant",
	year=1930,
	author="Rudolf Eisler"
}

@book{derwillezurmacht,
	title="Der Wille zur Macht I",
	subtitle="Versuch einer Umwerthung aller Werthe",
	year=1922,
	author="Friedrich Wilhelm Nietzsche",
	publisher="Kröner-Verlag"
}

@online{heideggerbild,
	url="https://www.prospectmagazine.co.uk/arts-and-books/in-defence-of-heidegger",
	author="Flicker René Spitz",
	year=1959,
	urldate={2017-10-25}
}

@book{lucknerheidegger,
	title="Martin Heidegger, \frqq Sein und Zeit\flqq",
	author="Andreas Luckner",
	edition="2. Auflage",
	year=2001,
	isbn="978-3-506-99476-9"
}

@online{plumbus,
	url="http://rickandmorty.wikia.com/wiki/Plumbus",
	title="Plumbus | Rick and Morty Wiki",
	urldate={2017-10-25}
}

@online{visualmemoryheidegger,
	url="http://www.visual-memory.co.uk/b_resources/b_and_t_glossary.html",
	title="Glossary of Terms in Being and Time",
	author="Roderick Munday",
	urldate={2017-10-25},
	year=2009
}

@online{marblepicture,
	title="\frq Bi-dama\flq",
	url="https://commons.wikimedia.org/wiki/File:Balls_of_glass.jpg",
	year=2006,
	author="Haragayato",
	urldate={2017-11-01}
}

@online{glasspicture,
	title="\frq Picardie glass\flq",
	url="https://commons.wikimedia.org/wiki/File:Picardie_glass.jpg",
	year=2011,
	author="Denkhenk",
	urldate={2017-11-01}
}

@online{whitesands,
	title="\frq White Sands Desert\flq",
	author={U.~S.~National~Park~Service},
	url="https://www.nps.gov/whsa/planyourvisit/hours.htm",
	urldate={2017-11-01}
}

@online{gestaltprinciples,
	url="http://facweb.cs.depaul.edu/sgrais/gestalt_principles.htm",
	urldate={2017-11-01},
	author="Stuart Grais",
	title="Gestalt Principles"
}

@online{lethalwater,
	url="http://www.medicaldaily.com/taste-death-ld50-3-popular-drinks-can-kill-you-298918",
	title="Taste Of Death: $LD_{50}$ Of 3 Popular Drinks That Can Kill You",
	author="Lizette Borreli",
	urldate={2017-11-01}
}

@book{krankheitzumtode,
	title="Die Krankheit zum Tode",
	author="\danishsoren Kierkegaard",
	year=1949,
	publisher="Johs. Storm Verlag, Bremen"
}

@book{feelingunreal,
	title="Feeling unreal",
	subtitle="Depersonalization Disorder and the Loss of the Self",
	author="Daphne Simeon AND Jeffrey Abugel",
	year=2006,
	publisher="Oxford University Press"
}

@book{modernclinicalpsychiatry,
	title="Modern clinical psychiatry",
	author="Arthur Percy Noyes",
	year=1944
}

@book{seventhsolitude,
	title="The seventh solitude",
	author="Ralph Harper",
	year=1965,
	publisher="John Hopkins Press"
}

@misc{schrummnietzsche,
	title="Verstehen durch Interpretieren: Die Wichtigkeit des Lesers für ein Verständnis von Friedrich Nietzsches Also sprach Zarathustra",
	author="Jacob Schrum",
	year="2006",
	publisher="Southwestern University",
	url="https://www.cs.utexas.edu/~schrum2/GermanThesis.pdf"
}

@book{visualworldillusion,
	title="Is the Visual World a Grand Illusion?",
	author="Alva Noë",
	isbn="0907845231",
	year=2002
}

@online{schmitzvideo,
	url="https://www.youtube.com/watch?v=Ujm8gQDTqPI",
	urldate={2017-11-10},
	title="Hermann Schmitz im Gespräch",
	author="Hermann Schmitz AND Heinz Becker AND Christoph Demmerling"
}

@book{indexseinundzeit,
	title="Index zu Heideggers \frq Sein und Zeit\flq",
	author="Hildegard Feick",
	publisher="Max-Niemeyer-Verlag Tübingen",
	year=1980,
	edition=4
}

@other{limpbiskitlookaround,
	author="Limp Bizkit",
	title="Take a look around",
	year=2000,
	album="Mission: Impossible 2"
}

@online{enriquetreppe1,
	url="http://eparcg.blogspot.de/2009/04/staircase.html",
	title="Staircase",
	author="Enrique Parietti",
	urldate={2017-11-12}
}

@online{enriquetreppe2,
	url="http://eparcg.blogspot.de/p/blog-page_1715.html",
	title="Staircase (Wireframe)",
	author="Enrique Parietti",
	urldate={2017-11-12}
}

@online{dreidmann,
	url="https://free3d.com/3d-model/male-base-88907.html",
	title="Male base",
	author="nixor",
	urldate={2017-11-12}
}

@online{fieldofview,
	url="https://ntrs.nasa.gov/archive/nasa/casi.ntrs.nasa.gov/19730006364.pdf",
	author="Vita R. West AND James F. Parker",
	year=1973,
	urldate={2017-11-12}
}

@book{neuephaenomenologie,
	title="Kurze Einführung in die neue Phänomenologie",
	author="Hermann Schmitz",
	publisher="Verlag Karl Alber",
	edition=4,
	year=2014
}

@book{heideggerhandeln,
	title="Erkennen und Handeln in Heideggers \frq Sein und Zeit\flq",
	author="Gerold Prauss",
	year=1996
}

@other{pyrinerinnerungen,
	title="Erinnerungen aus zweiter Hand",
	author="Thomas Pyrin",
	year=2013,
	album="Nichts"
}

@online{charlesivesunansweredquestion,
	title="The Unanswered Question",
	author="Charles Ives",
	year=1908,
	url="https://www.youtube.com/watch?v=vXD4tIp59L0",
	urldate={2017-11-17}
}

@online{iveswebsite,
	url="http://www.charlesives.org/question-better-answer",
	urldate={2017-11-18},
	title="A Question is Better than an Answer | charlesives.org",
	author="Jan Swafford",
	year=1999
}

@book{sosprichtkierkegaard,
	year="1954",
	title="So spricht Kierkegaard",
	author="\danishsoren Kierkegaard",
	editor="Fritz Werle AND Ursula von Mangoldt",
	publisher="Otto Wilhelm Barth-Verlag GmbH München-Planegg"
}

@book{codebreakers,
	author="David Kahn",
	title="The Code-breakers",
	subtitle="The Comprehensive History of Secret Communication from Ancient Times to the Internet",
	year=1996,
	isbn="0-684-83130-9"
}

@online{2000yard,
	title="2000 Yard Stare",
	author="Tom Lea",
	url="https://en.wikipedia.org/wiki/File:Tom_Lea_-_2000_Yard_Stare.jpg",
	year=1944
}

@article{bicameralmind,
	title="The Origin of Consciousness in the Breakdown of the Bicameral Mind",
	author="Julian Jaynes",
	editor="Houghton Mifflin Harcourt",
	journal="Science"
}

@book{kierkegaardbeing,
	title="Being and Existence in Kierkegaard's Pseudonymous Works",
	author="John. W. Elrod",
	publisher="Princeton Legacy Library",
	year=1975
}

@book{henriamiel,
	title="Amiel's Journal",
	year=1904,
	author="Henri-Frédéric Amiel",
	publisher="MacMillan And Co., Limited"
}

@book{kierkegaardbiographie,
	title="Kierkegaard",
	author="Peter P. Rohde",
	publisher="rororo Biographien",
	year=1981
}

@book{bedeutungvater,
	title="Die Bedeutung des Vaters für das Schicksal des Einzelnen",
	author="Carl Gustav Jung",
	year=1949,
	publisher="Rascher Verlag, Zürich"
}

@online{dollyzoom,
	title="Dolly zoom --- Wikipedia",
	url="https://en.wikipedia.org/wiki/Dolly_zoom",
	urldate={2017-11-26}
}

@online{dosisgift,
	url="http://www.zeno.org/Philosophie/M/Paracelsus/Septem+Defensiones/Die+dritte+Defension+wegen+des+Schreibens+der+neuen+Rezepte",
	title="Paracelsus, Septem Defensiones, Die dritte Defension wegen des Schreibens der neuen Rezepte - Zeno.org",
	author="Paracelsus",
	year=1965,
	urldate={2017-11-27}
}

@online{depersonalisationzeichnung,
	url="https://mccallart.deviantart.com/art/Derealization-disorder-153005711",
	year=2010,
	author="Caleb McCall",
	urldate={2017-11-29},
	title="Derealization disorder"
}

@article{neuzeitgottesbeweise,
	ISSN = {00442895},
	URL = {http://www.jstor.org/stable/24164342},
	author = {Hermann Drüe},
	journal = {Zeitschrift für katholische Theologie},
	number = {2},
	pages = {163-174},
	publisher = {[Schriftleitung (General Editor), Echter Verlag, Katholisch-Theologischen Fakultät der Universität Innsbruck]},
	title = {Der neuzeitliche Mensch und die Gottesbeweise},
	volume = {101},
	year = {1979}
}

@online{mementomori,
	url="https://en.wikipedia.org/wiki/File:StillLifeWithASkull.jpg",
	urldate={2017-12-17},
	author="Philippe de Champaigne",
	title="Vanitas",
	year=1671
}

@book{wahnsinnundgesellschaft,
	title="Wahnsinn und Gesellschaft",
	author="Paul-Michel Foucault",
	isbn="3-518-27639-5",
	publisher="Suhrkamp",
	subtitle="Eine Geschichte des Wahnsinns im Zeitalter der Vernunft",
	year=1989,
	edition="9"
}

@book{westernphilosophyrussell,
	author="Bertrand Arthur William Russell",
	title="History of Western Philosophy",
	subtitle="And Its Connection with Political and Social Circumstances from the Earliest Times to the Present Day",
	edition=4,
	year=1945
}

@book{einfuehrungmetaphysik,
	title="Einführung in die Metaphysik",
	author="Martin Heidegger",
	subtitle="Gesamtausgabe --- II. Abteilung: Vorlesungen 1923-1944",
	volume=40,
	publisher="Vittorio Klostermann",
	year=1983,
	edition=4
}

@online{godgeo,
	url="https://en.wikipedia.org/wiki/File:God_the_Geometer.jpg",
	title="Dieu l'architecte de l'univers, frontispice d'une bible moralisée",
	author="Unbekannter Künstler",
	year={ca. 1220 -- 1230},
	urldate={2017-12-31}
}

@online{kritikderreinenvernunftausgabe2,
	title="Kritik der reinen Vernunft",
	author="Immanuel Kant",
	year=1787,
	urldate={2018-01-01},
	url="http://gutenberg.spiegel.de/buch/kritik-der-reinen-vernunft-2-auflage-3502/1"
}

@online{theoryofmotivation,
	author="Abraham Harold Maslow",
	url="https://s3.amazonaws.com/academia.edu.documents/34195256/A_Theory_of_Human_Motivation_-_Abraham_H_Maslow_-_Psychological_Review_Vol_50_No_4_July_1943.pdf?AWSAccessKeyId=AKIAIWOWYYGZ2Y53UL3A&Expires=1514833895&Signature=bgnXGSeMOl3bg5LGgtswAeiZqt8%3D&response-content-disposition=inline%3B%20filename%3DA_THEORY_OF_HUMAN_MOTIVATION.pdf",
	urldate={2018-01-01},
	title="A Theory of Human Motivation",
	year=1943
}

@book{hiltschergottesbeweise,
	title="Gottesbeweise",
	author="Reinhardt Hiltscher",
	year=2008,
	publisher="WBG",
	isbn="9783534200115"
}

@book{warumueberhauptetwas,
	title="Warum ist überhaupt etwas und nicht vielmehr nichts?",
	subtitle="Wandel und Variationen einer Frage",
	author="Daniel Schubbe AND Jens Lemanski AND Rico Hauswald",
	year=2013,
	isbn="978-3-7873-2459-0",
	publisher="Meiner Verlag"
}

@online{magritteconditionhumaine,
	url="http://scmwaterproofporous.blogspot.de/2011/01/magritte.html",
	year=1933,
	title="La Condition Humaine I",
	author="René François Ghislain Magritte",
	urldate={2018-01-05}
}

@book{wasistgott,
	title="Was ist Gott?",
	subtitle="Das Buch der 24 Philosophen",
	publisher="Verlag C.~H.~Beck",
	editor="Kurt Flasch",
	author="Hermes Trismegistos"
}


@book{dasproblemdesendlichen,
	title="Das Problem des Endlichen",
	author="Norman Koch",
	year=2017
}

@online{kreuznimbuswiki,
	author = "Wikipedia",
	title = "Kreuznimbus --- Wikipedia{,} Die freie Enzyklopädie",
	year = "2015",
	url = "https://de.wikipedia.org/w/index.php?title=Kreuznimbus&oldid=146435549",
	note = "[Online; Stand 5. Januar 2018]"
}

@online{merriammandala,
	url="https://www.merriam-webster.com/dictionary/mandala",
	title="Mandala | Definition of Mandala by Merriam-Webster",
	urldate={2018-01-05}
}

@book{europaeischernihilismus,
	title="Der europäische Individualnihilismus",
	subtitle="Seine Gedanken-ent-wicklung und der Umgang mit ihm",
	author="Norman Koch",
	year=2017
}

@online{magritteconditionhumaine2,
	url="http://norfolkmuseumscollections.org/collections/objects/object-411959480.html",
	title="La Condition Humaine",
	author="René François Ghislain Magritte",
	year=1935,
	urldate={2018-01-07}
}

@book{philosophiezen,
	author="Byung-Chul Han",
	title="Philosophie des Zen-Buddhismus",
	year=2002,
	isbn="978-3150181850"
}

@book{ulrichmaginufos,
	title="Von Ufos entführt",
	author="Ulrich Magin",
	publisher="C.~H.~Beck",
	subtitle="Unheimliche Begegnungen der vierten Art",
	year=1991,
	isbn="3-406-34054-7"
}

@online{bibelmoraliseegott,
	year=1220,
	title="Bible moralisée",
	url="https://www.library.wisc.edu/news/2014/12/17/scripture-transfigured-visualizing-the-christian-bible-from-the-sixth-to-the-fifteenth-century/",
	urldate={2018-01-13}
}

@book{theologischerealenzyklopaedie13,
	title="Theologische Realenzyklopädie",
	author="Gerhard Müller AND Horst Robert Balz AND Stuart G. Hall AND Brian L. Hebblethwaite AND Richard Hentschke AND Wolfgang Jahnke AND Günter Lanczkowski AND Joachim Mehlhausen AND Carl Heinz Ratschow AND Knuth Schäferdiek AND Henning Schröer AND Gottfried Seebaß AND Clemens Thoma",
	volume="13",
	publisher="Walter de Gruyter",
	year=1984,
	isbn="3-11-008581-X"
}

@book{einmodernermythus,
	title="Ein moderner Mythus",
	author="Carl Gustav Jung",
	subtitle="Von Dingen, die am Himmel gesehen werden",
	publisher="Rascher Verlag Zürich/Stuttgart",
	year=1958
}

@online{biblehistoriale,
	url="http://gallica.bnf.fr/ark:/12148/btv1b8490150s/f11.item.zoom",
	author="Guiard des Moulins",
	urldate={2018-01-14},
	year="ca. 1380-1390",
	title="La Bible historiaus, ou Les histoires escolastres"
}

@online{georgtodoroffmathematik,
	url="http://www.gtodoroff.de/gottbew.htm",
	urldate={2018-01-14},
	title="Gottesbeweise",
	author="Georg Todoroff"
}

@book{goettergriechenland,
	author="Walter Friedrich Gustav Hermann Otto",
	title="Die Götter Griechenlands",
	subtitle="Das Bild des Göttlichen im Spiegel des griechischen Geistes",
	year=1987,
	isbn="3-465-01947-4",
	publisher="Vittorio Klostermann"
}

@online{magicalthinking,
	url="http://www.magicalthinkingbook.com/2013/02/what-kind-of-thinker-believes-in-god/",
	year=2013,
	author="Matthew Hutson",
	urldate={2018-01-14},
	title="What Kind of Thinker Believes in God?"
}

@book{heideggerwasistphilosophie,
	title="Was ist das --- die Philosophie?",
	author="Martin Heidegger",
	publisher="Neske",
	edition=7,
	year=1981,
	isbn="3788501170"
}

@book{heideggertechnikkehre,
	title="Die Technik und die Kehre",
	author="Martin Heidegger",
	publisher="Neske",
	year=1962
}

@online{physikotheologischergottesbeweis,
	url="http://www.textlog.de/33097.html",
	title="Eisler --- Kant: Physikotheologischer Gottesbeweis",
	author="Rudolf Eisler",
	urldate={2018-01-20},
	year=1930
}

@online{afterdienst,
	url="https://www.textlog.de/31902.html",
	title="Eisler --- Kant: Afterdienst",
	author="Rudolf Eisler",
	urldate={2018-11-10},
	year=1930
}

@book{alanwattstaboo,
	author="Alan Wilson Watts",
	title="The Book",
	subtitle="On the Taboo Against Knowing Who You Are",
	year=2017,
	isbn="9780285638532"
}

@book{knuthconcretemathematics,
	title="Concrete Mathematics",
	subtitle="A Foundation for Computer Science",
	author="Donald Ervin Knuth AND Ronald Lewis Graham AND Oren Patashnik",
	year=1994,
	isbn="0-201-55802-5",
	year=1994
}

@online{radiovaticana,
	title="Papst: \glqq Ohne Glaubenszweifel fehlt etwas\grqq\ - Radio Vatikan",
	url="http://de.radiovaticana.va/news/2016/06/19/papst_besucht_wohlt%C3%A4tige_einrichtung_in_rom/1238298",
	urldate={2018-01-22},
	year=2016
}

@online{medievalcosmology,
	url="http://www.luminarium.org/encyclopedia/medievalcosmology.htm",
	urldate={2018-01-23},
	title="Luminarium Encyclopedia: Medieval Cosmology and Worldview",
	author="Anniina Jokinen",
	year=2012
}

@book{imagedumonde,
	title="Image du Monde",
	year="ca. 1425--1450",
	author="Gautier de Metz"
}

@online{divinegeometry,
	url="http://visionsofwhimsy.blogspot.de/2011/05/vladimir-kush.html",
	year=2008,
	title="Divine Geometry",
	author="Vladimir Kush",
	urldate={2018-01-23}
}

@online{cargocultfeynman,
	url="http://calteches.library.caltech.edu/51/2/CargoCult.pdf",
	urldate={2018-01-24},
	title="Cargo Cult Science",
	author="Richard Phillips Feynman",
	year=1974
}

@online{vomblitzgetroffen,
	url="http://www.spiegel.de/einestages/roy-sullivan-rekord-pechvogel-acht-mal-vom-blitz-getroffen-a-951268.html",
	urldate={2018-01-24},
	title="Wenn der Blitz dich acht Mal trifft",
	subtitle="Rekord-Pechvogel Roy Sullivan",
}

@online{godcompass,
	url="http://jessehurlbut.net/wp/mssart/?tag=compass",
	author="Jesse Hurlbut",
	urldate={2018-01-24}
}

@online{nytufo,
	url="https://www.nytimes.com/2017/12/16/us/politics/pentagon-program-ufo-harry-reid.html",
	title="Glowing Auras and `Black Money': The Pentagon's Mysterious U.\,F.\,O. Program",
	year=2017,
	author="Helene Cooper AND Ralph Blumental AND Leslie Keandec",
	urldate={2018-01-26}
}

@other{hardcorehenry,
	title="Hardcore Henry",
	author="Ilya Naishuller AND Timur Bekmambetov",
	year=2015
}

@other{enterthevoid,
	title="Enter the Void",
	author="Gaspar Noé",
	year=2009
}

@other{drhouselockedin,
	author="Russel Friend AND Garrett Lerner AND David Foster",
	title="House M.\,D.",
	subtitle="Locked In",
	year=2009
}

@online{freudwiderstaende,
	url="http://www.textlog.de/freud-psychoanalyse-widerstaende-gegen-psychoanalyse.html",
	year=1924,
	title="Die Widerstände gegen die Psychoanalyse",
	author="Sigmund Freud"
}

@online{eschersphere,
	url="https://en.wikipedia.org/wiki/File:Hand_with_Reflecting_Sphere.jpg",
	author="Maurits Cornelis Escher",
	year=1935,
	title="Hand with Reflecting Sphere",
	urldate={2018-01-31}
}

@online{everydayensemble,
	url="https://www.youtube.com/watch?v=TPU3NefyktQ",
	author="Adam Smith",
	band="The Everyday Ensemble",
	title="Found Sound Composition",
	urldate={2018-01-31}
}

@online{carlsaganpalebluedot,
	title="Pale blue dot",
	url="https://www.youtube.com/watch?v=wupToqz1e2g",
	author="Carl Edward Sagan",
	urldate={2018-02-03}
}

@book{grundproblemephaenomenologieslub,
	title="Grundprobleme der Phänomenologie",
	author="Martin Heidegger",
	year=1989,
	publisher="Vittorio Klostermann"
}

@book{husserlphaenomenologischepsychologie,
	title="Phänomenologische Psychologie",
	author="Edmund Husserl",
	year=1962,
	publisher="Martinus Nijhoff"
}

@book{husserlcartesianischemeditationen,
	author="Edmund Husserl",
	title="Cartesianische Meditationen und Pariser Vorträge",
	publisher="Kuwer Academic Publishers",
	edition=2,
	year=1991
}

@book{husserlideephaenomenologie,
	title="Die Idee der Phänomenologie",
	author="Edmund Husserl",
	year=1973,
	edition=2,
	publisher="Martinus Nijhoff"
}

@online{ernstmachselbstportrait,
	title="Die Analyse der Empfindungen und das Verhältnis des Physischen zum Psychischen",
	author="Ernst Waldfried Josef Wenzel Mach",
	year=1906,
	url="http://psychologie.biphaps.uni-leipzig.de/wundt/opera/mach/empfndng/AlysEmIn.htm",
	urldate={2018-02-05}
}

@online{brilliantmaps,
	url="http://brilliantmaps.com/new-yorkers-world/",
	urldate={2018-02-05},
	title="How New Yorkers See The World: View of the World from 9th Avenue",
	year=2015,
	urldate={2018-02-05},
	author="Saul Steinberg"
}

@online{vergleichnewyorkmach,
	url="http://longstreet.typepad.com/thesciencebookstore/2012/10/inside-looking-out-ernst-mach-vs-the-hudson-river.html",
	title="Inside Looking Out: Ernst Mach vs. the Hudson River",
	urldate={2018-02-05},
	year=2012,
	author="John Ptak"
}

@online{laughingviolinist,
	url="https://www.laphamsquarterly.org/comedy/art/comedy-portrait-laughing-violinist",
	title="Portrait of a Laughing Violinist",
	author="Gerrit van Honthorst",
	year=1624,
	urldate={2018-02-05}
}

@online{cornerofeye,
	url="https://drjamesmcardle.com/2013/04/07/from-the-corner-of-your-eye/",
	year=2013,
	author="James McArdle",
	title="From the corner of your eye?\dots",
	urldate={2018-02-05}
}

@book{kouba,
	title="The Phenomenon of Mental Disorder",
	author="Petr Kouba",
	subtitle="Perspectives of Heidegger’s Thought in Psychopathology",
	isbn="978-3-319-10322-8",
	publisher="Springer Verlag",
	year=2015
}

@book{rentschseinundzeit,
	title="Martin Heidegger: Sein und Zeit",
	author="Thomas Rentsch",
	year=2001,
	publisher="Akademie-Verlag",
	isbn="3-05-003518-8"
}

@online{descartesprincipia,
	url="http://www.zeno.org/Philosophie/M/Descartes,+Ren%C3%A9/Prinzipien+der+Philosophie",
	author="René Descartes",
	title="Prinzipien der Philosophie",
	subtitle="Principia philosophiae",
	year=1644,
	urldate={2018-02-05}
}

@online{freudkraenkungen,
	url="http://www.gutenberg.org/files/29097/29097-h/29097-h.htm",
	title="Eine Schwierigkeit der Psychoanalyse",
	author="Sigmund Freud",
	year="1917",
	urldate={2018-02-05}
}

@other{metropolis,
	title="Metropolis",
	year=1927,
	author="Fritz Lang"
}

@book{jungpsychogenese,
	author="Carl Gustav Jung",
	title="Zur Psychogenese der Geisteskrankheiten",
	publisher="Buchclub Ex Libris Zürich",
	year=1972
}

@misc{wikipediapataphysk,
	title = "’Pataphysik --- Wikipedia{,} Die freie Enzyklopädie",
	year = "2017",
	url = "https://de.wikipedia.org/w/index.php?title=%E2%80%99Pataphysik&oldid=169108122",
	urldate={2018-02-10}
}

@other{normankochgottesbeweise,
	title="Warum suchen wir überhaupt nach Gottesbeweisen?",
	subtitle="Eine analytisch-psychologische, vorbereitende Betrachtung",
	year=2018
}

@book{echtephilosophie,
	title="Echte Philosophie",
	author="Theodorus Christiaan Wouter Oudemans",
	publisher="Fermenta Philosophica",
	year=2007,
	isbn="978-3-495-48530-9"
}

@book{grundlagenklinischepsychatrie,
	title =     "Grundlagen und Methoden der Klinischen Psychiatrie",
	author =    "Jakob Wyrsch AND G. Bally AND J. C. Brengelmann AND F. Cornu AND H. Ey AND H. J. Eysenck AND H. Heimann AND W. Kretschmer Jr. AND R. Kuhn AND J. J. López Ibor AND P. Matussek AND F. Meerwein AND M. Müller AND M. Natanson AND P. Pichot AND H. Solms AND E. W. Straus AND J. Wyrsch AND J. Zutt",
	publisher = "Springer Berlin Heidelberg",
	isbn =      "978-3-662-00727-3",
	year =      {1963},
	series =    {Psychiatrie der Gegenwart 1/2}
}

@book{cambridgeheidegger,
	title="The Cambridge Companion to Heidegger",
	author="Charles Guignon",
	publisher="Cambridge University Press",
	year=1993,
	isbn="9780521385978"
}

@other{pyrinegoshooter,
	title="Egoshoot",
	author="Thomas Pyrin",
	album="Psychonautik",
	year=2010,
	url="https://www.youtube.com/watch?v=97pZdmqeGkw"
}

@book{zollikonerseminare,
	author="Martin Heidegger AND Medard Boss",
	title="Zollikoner Seminare",
	year=1994,
	publisher="Vittorio-Klostermann",
	isbn="3-465-02671-3"
}

@book{holzwege,
	title="Holzwege",
	author="Martin Heidegger",
	year=1977,
	publisher="Vittorio Klostermann"
}


@book{akademischerkapitalismus,
	title="Akademischer Kapitalismus: Über die politische Ökonomie der Hochschulreform",
	author="Richard Münch",
	isbn="978-3518126332",
	year=2011
}

@book{jungphenomenology,
	title="Jung and Phenomenology",
	author="Roger Brooke",
	isbn="9781317661214",
	year=2015,
	publisher="Routledge"
}

@article{jungheidegger,
	title="Un-thought out metaphysics in analytical psychology: a critique of Jung's epistemological basis for psychic reality",
	author="Robin McCoy Brooks",
	journal="Journal of Analytical Psychology",
	edition=56,
	pages={492--513}
}

@book{schizophreniaheidegger,
	title="Schizophrenia: A way of being-in-the-world",
	author="Jo Ann Walton",
	year=1995,
	url="https://mro.massey.ac.nz/xmlui/bitstream/handle/10179/2963/01_front.pdf?sequence=2&isAllowed=y"
}

@online{foucaultunfinishedbook,
	url="https://www.nytimes.com/2018/02/08/books/michel-foucault-new-book.html",
	title="Michel Foucault’s Unfinished Book Published in France",
	author="Peter Libbey",
	year=2018,
	urldate={2018-04-21}
}

@online{cthulhubild,
	url="https://disse86.deviantart.com/art/Cthulhu-594128034",
	title="Cthulhu",
	author="Disse86",
	year=2016,
	urldate={2018-04-21}
}

@online{spiegelconjoinedtwins,
	url="http://www.spiegel.de/panorama/gesellschaft/bild-851782-391636.html",
	title="Reality-Show über siamesische Zwillinge",
	subtitle="Nie Allein",
	author="Anna-Lena Roth",
	year=2012,
	urldate={2018-04-21}
}

@online{videoconjoinedtwins,
	url="https://www.youtube.com/watch?v=aNQc4NziUWc",
	title="Abigail and Brittany Hensel turn 16. Twins Who Share a Body",
	author="Silvia Bugg",
	urldate={2018-04-21}
}

@online{schlitzie,
	title="Schlitzie",
	url="http://www.tskuebler.com/gallery/beggars_freaks/schlitzie/index.htm",
	author="Thomas Kuebler",
	urldate={2018-04-22},
}

@online{freakshow,
	url="http://allthatsinteresting.com/freak-show-members",
	title="The Sad Stories Of The Ringling Brothers’ ``Freak Show'' Acts",
	author="Erin Kelly",
	year=2016,
	urldate={2018-04-22}
}

@online{monstrorumhistoria,
	title="Monstrorum Historia",
	url="https://becker.wustl.edu/about/news/rare-book-collections-aldrovandi-ulisse-1642-monstrorum-historia",
	author="Ulisse Aldrovandi",
	year=1642,
	publisher=" Martha Riley",
	urldate={2018-04-22}
}

@online{edgein,
	url="http://horrorfuel.com/2016/05/26/leatherface-norman-bates-buffalo-bill-inspired-one-man-story/",
	title="Leatherface, Norman Bates And Buffalo Bill, All Inspired By One Man And This Is His Story",
	author="Kelli Marchman McNeely",
	year=2016,
	urldate={2018-04-22}
}

@online{pedrolopez,
	url="http://www.spiegel.de/fotostrecke/vergessene-serienkiller-die-unsichtbaren-ungeheuer-fotostrecke-108763-11.html",
	author="Christoph Gunkel",
	subtitle="Vergessene Serienkiller",
	title="Die unsichtbaren Ungeheuer",
	year=2010,
	urldate={2018-04-22}
}

@book{sprachluegen,
	author="Kai Biermann AND Martin Haase",
	title="Sprachlügen",
	subtitle="Unworte und Neusprech von \glqq Atomruine\grqq\ bis \glqq zeitnah\grqq",
	isbn="9-783-59619-497-1",
	year=2013
}

@book{canutecomic,
	url="https://www.toonpool.com/cartoons/King%20Canute_44325",
	author="Nick Lyons",
	year=2009,
	title="King Canute",
	urldate={2018-04-22}
}

@online{josephmerick,
	author = "Wikipedia",
	title = "Joseph Merrick --- Wikipedia{,} Die freie Enzyklopädie",
	year = "2018",
	url = "https://de.wikipedia.org/w/index.php?title=Joseph_Merrick&oldid=176621428",
	note = "[Online; Stand 24. April 2018]"
}

@article{fruehkindlichesexualitaet,
	title="Kindersexualität",
	subtitle="Konturen eines dunklen Kontinents",
	journal="Zeitschrift für Sexualforschung",
	edition="17",
	issn="0932-8114",
	pages="312 -- 322",
	year=2004,
	author="Gunter Schmidt"
}

@online{heideggerbild2,
	url="http://www.lastampa.it/2014/03/18/cultura/gnter-figal-disgustose-e-terribili-quelle-frasi-del-mio-heidegger-6ZVZ67WSU2fXHamVgIigLI/pagina.html",
	title="Günter Figal ``Disgustose e terribili quelle frasi del mio Heidegger''",
	year=2014,
	author="Tonia Mastrobuoni",
	urldate={2018-05-01}
}

@online{heideggerbild3,
	url="https://luchte.wordpress.com/heideggers-letter-on-humanism-a-reading/",
	author="James Luchte",
	year=2016,
	urldate={2018-05-01},
	title="Heidegger's `Letter on Humanism' --- A Reading"
}

@online{dingeillustration,
	url="http://pfluegner.net/portfolio/schulbucher-und-lehrwerke/2661031",
	year=2009,
	title="Die kleinen Dinge",
	author="Matthias Pflügner",
	urldate={2018-05-01}
}

@online{sonnealpen,
	url="http://www.asphotography.at/gallery/themenbild-sonnenuntergang-in-den-kitz%C2%9Fbueheler-alpen-6/",
	title="Sonnenuntergang in den kitzbüheler Alpen",
	author="Stefan Adelsberger",
	year=2017,
	urldate={2018-05-02}
}

@online{sonnewikicommons,
	url="https://solarscience.msfc.nasa.gov/surface.shtml",
	author="NASA",
	year=1992,
	title="The Photosphere",
	urldate={2018-05-02}
}

@online{newtonprincipia,
	url="https://de.wikisource.org/wiki/Mathematische_Principien_der_Naturlehre",
	title="Philosophi\ae\ Naturalis Principia Mathematica",
	author="Isaac Newton",
	editor="Jakob Philipp Wolfers",
	year=1872,
	urldate={2018-05-03},
	publisher="Verlag von Robert Oppenheim"
}

@online{vanhovegalileo,
	url="https://www.flickr.com/photos/hen-magonza/9733535823",
	title="Galileo Galilei",
	year=1885,
	author="Edmond van Hove",
	urldate={2018-05-05},
	publisher="HEN-Magonza"
}

@online{threeobjects,
	url="https://www.harappa.com/slide/three-objects",
	title="Three objects",
	author="Omar Khan AND Jeff Turner AND Muhammad Waqas Iqbal AND Ilona Aronovsky AND Nadine Zubair AND Apoorva Bhandari AND Vasant Dave",
	urldate={2018-05-07},
	year=2015
}

@online{supermarioai,
	url="https://www.datasciencecentral.com/profiles/blogs/how-data-science-apply-to-robotics",
	title="How Data Science apply to Robotics? -- Data Science Central",
	urldate={2018-06-08},
	author="Ammar Raja",
	year=2017
}

@excerpt{homodeus,
	author="Yuval Noah Harari",
	subtitle="Exzerpt",
	title="Homo Deus",
	pages={497 -- 537}
}

@online{xkcdtasks,
	url="https://xkcd.com/1425/",
	title="XKCD -- Tasks",
	author="Randall Munroe",
	urldate={2018-06-09},
}

@online{hararibild,
	url="https://medium.com/@rasmuspalludan/q-a-sapiens-author-yuval-noah-harari-on-the-future-of-mankind-ai-and-more-9f633dec8cf2",
	title="Q\&A: ``Sapiens''-author Yuval Noah Harari on the future of mankind, AI and more",
	urldate={2018-06-09},
	year=2017,
	author="Rasmus Palludan"
}

@online{howmanypeoplealive,
	url="https://www.census.gov/popclock/world",
	title="U.S. and World Population Clock",
	author="United States Census Bureau",
	urldate={2018-06-09},
	date=2018
}

@online{predictivepolicing,
	url="http://harvardcrcl.org/minority-report-why-we-should-question-predictive-policing/",
	title="Minority Report: Why We Should Question Predictive Policing",
	author="Alisha Jarwala",
	date=2018,
	urldate={2018-06-09}
}

@online{nsacomic,
	url="https://en.1jux.net/360614",
	title="Sie dürfen gehen\dots So wie es aussieht hatten Sie recht",
	author={Originalersteller nicht auffindbar},
	year=2015,
	urldate={2018-06-09}
}

@online{nsadatacenterstorage,
	url="https://www.forbes.com/sites/kashmirhill/2013/07/24/blueprints-of-nsa-data-center-in-utah-suggest-its-storage-capacity-is-less-impressive-than-thought/#41d8b0787457",
	year=2013,
	author="Kashmir Hill",
	title="Blueprints Of NSA's Ridiculously Expensive Data Center In Utah Suggest It Holds Less Info Than Thought",
	urldate={2018-06-09}
}

@xkcd{xkcdmachinelearning,
	author="Randall Patrick Munroe",
	url="https://xkcd.com/1838/",
	title="xkcd: Machine Learning",
	urldate={2018-06-09}
}

@movie{spaceoddyssey,
	title="2001: A Space Odyssey",
	year=1968,
	author="Stanley Kubrick"
}

@online{spaceoddysseycollativelearning,
	url="http://www.collativelearning.com/2001%20chapter%208.html",
	title="Kubrick: and beyond the cinema frame",
	year="Rob Ager",
	year=2008,
	urldate={2018-06-11}
}

@online{hoehenangst,
	url="https://viewing.nyc/chrysler-building-gargoyles-up-close-by-margaret-bourke-white/",
	urldate={2018-06-18},
	year=2014,
	title="Chrysler Building Gargoyles Up Close by Margaret Bourke-White ",
	author="Matt Coneybeare"
}

@online{zihtaurusbild,
	url="https://tu-dresden.de/zih/hochleistungsrechnen/hpc",
	title="HPC Systems",
	year=2017,
	urldate={2018-06-25},
	author="Robert Gommlich"
}

@online{beksinskiquelle,
	url="https://www.demilked.com/gothic-dystopian-postapocalyptic-surreal-paintings-zdzislaw-beksinski/",
	title="Polish Artist’s Terrifying Art And His Sad Life Story",
	urldate={2018-11-03},
	author="Martynas Klimas"
}

@other{pyrinantichrist,
	url="https://www.youtube.com/watch?v=ceru4zcpO7c",
	urldate={2018-11-03},
	author="Thomas Pyrin",
	title="Antichrist"
}

@online{jobimage,
	url="https://commons.wikimedia.org/wiki/File:Bonnat02.jpg",
	author="Léon Bonnat",
	urldate={2018-11-10},
	year=1880
}

@other{pyrinepilog,
	title="Epilog",
	author="Thomas Pyrin",
	url="https://www.youtube.com/watch?v=gewp8leji-E",
	year=2011
}

@online{beksinskiwallpapers,
	url="http://www.mariacenoura.pt/pickeywords/beksinski-wallpaper/",
	year=2018,
	title="Zdzislaw Beksinski wallpaper"
}

@book{freulinggott,
	author="Georg Freuling",
	title="Wer eine Grube gräbt\dots",
	subtitle="Der Tun-Ergehen-Zusammenhang und sein Wandel in der alttestamentlichen Weisheitsliteratur",
	year=2004,
	isbn="3-7887-2007-7"
}

@online{kzdachauleichen,
	url="https://www.akg-images.de/archive/-2UMDHUB6NO5.html",
	title="Die Leichen der Opfer im Konzentrationslager Bergen-Belsen nach der Befreiung.",
	year=1945,
	urldate={2018-11-19}
}

@online{tunergehenzusammenhang,
	url="https://www.bibelwissenschaft.de/stichwort/36298/",
	year=2008,
	author="Georg Freuling",
	title="Tun-Ergehen-Zusammenhang",
	urldate={2018-11-19}
}

@online{maniacs,
	url="https://www.horrorgalore.com/true-story/dnepropetrovsk-maniacs-hammer-brothers-true-story",
	title="Dnepropetrovsk Maniacs (Hammer Brothers) - This is the TRUE STORY",
	urldate={2018-11-19}
}

@online{flood,
	url="http://www.atimes.com/article/drought-and-forest-fires-preceded-keralas-devastating-flood/general-pic-1/",
	title="Kerala Flood, India, 2018",
	year=2018,
	author="Rejimon Kuttappan",
	urldate={2018-11-19}
}

@online{starvingchild,
	url="https://en.wikipedia.org/wiki/File:Kevin-Carter-Child-Vulture-Sudan.jpg",
	author="Kevin Carter",
	year=1993,
	title="The vulture and the little girl",
	urldate={2018-12-03}
}

@online{hitlerbild,
	url="https://www.bbc.co.uk/programmes/b06bh76c",
	author="BBC",
	title="Hitler ann am Fiolm/The Colour of War: Adolf Hitler",
	urldate={2018-12-03}
}

@online{beksinskipanzer,
	url="http://xaviersthrone.blogspot.com/2013/11/zdzislaw-beksinski-and-silent-rebellion.html",
	title=" Zdzislaw Beksinski and the Silent Rebellion ",
	author="Maximus Meyer",
	year=2013,
	urldate={2018-12-03}
}

@online{beksinskipfaehlung,
	url="http://www.allpinoystuff.com/forums/topic/8305-dark-surrealism/",
	urldate={2018-12-03},
	year=2016,
	title="Dark Surrealism",
	author="Zdzisław Beksiński"
}

@online{simpsonshurricaneneddy,
	title="The Simpsons",
	subtitle="Hurricane Neddy",
	year=1996,
	season="8",
	episode="8",
	author="Steve Young"
}


@online{angelshoulder,
	url="https://swordsoftruth.com/2017/11/24/encountering-goodness-god-in-our-midst/kronk-shoulder-angel-devil-quiz/",
	title="Kronk-Shoulder-Angel-Devil-Quiz",
	urldate="2019-01-03"
}

@online{nmzssarkophag,
	author="NMZS",
	title="Sarkophag",
	album="Der Ekelhafte",
	year=2013
}

@online{joelpeterwitkinkiss,
	url="http://magazine.art21.org/2011/10/06/on-view-now-the-curious-case-of-night-scented-stock/witkin_lebaiser/",
	author="Joel-Peter Witkin",
	title="The Kiss",
	year=1982,
	urldate="2019-01-03"
}

@online{elephantrevival,
	title="What is time?",
	author="Elephant Revival",
	url="https://www.youtube.com/watch?v=mDEy3Bhmc44",
	year=2010,
	urldate="2019-01-09"
}

@online{kantzeit,
	url="http://www.zeno.org/Kirchner-Michaelis-1907/A/Raum+und+Zeit",
	urldate="2019-01-09",
	year=1907,
	author="Michaelis Kirchner",
	title="Raum und Zeit"
}

@book{kantkdv,
	title="Kritik der reinen Vernunft",
	author="Immanuel Kant",
	year=1919,
	edition=11,
	publisher="Theodor Valentiner, Verlag von Felix Meiner",
	address="Leipzig",
	abbrev="KdV"
}

@online{magicrealism,
	url="https://kurier.at/buzz/optische-illusionen-rob-gonsalves-spiel-mit-der-erwartung/110.514.066/slideshow",
	author="Rob Gonsalves",
	year=2015,
	urldate="2019-01-12",
	title="Optische Illusionen: Zwischen Realität und Magie"
}

@online{boticellivenus,
	url="https://de.wikipedia.org/wiki/Datei:Sandro_Botticelli_-_La_nascita_di_Venere_-_Google_Art_Project_-_edited.jpg",
	author="Alessandro di Mariano Filipepi Botticelli",
	year=1485,
	urldate="2019-01-12",
	title=" Die Geburt der Venus"
}

@online{sedlec,
	author = "{Wikipedia contributors}",
	title = "Sedlec Ossuary --- {Wikipedia}{,} The Free Encyclopedia",
	year = "2017",
	url = "https://en.wikipedia.org/w/index.php?title=Sedlec_Ossuary&oldid=792723528",
	note = "[Online; accessed 14-January-2019]"
}

@online{fasciitis,
	url="http://www.mundogump.com.br/a-bacteria-comedora-de-gente-ataca-no-sri-lanka/",
	title="A bactéria comedora de gente ataca no Sri Lanka",
	year=2012,
	author="Philipe Kling David",
	urldate="2019-01-14"
}

@online{aesthetiketymologie,
	url="https://www.dwds.de/wb/%C3%84sthetik",
	title="DWDS -- Ästhetik",
	author="Wolfgang Pfeifer",
	urldate="2019-01-27",
	year="1989"
}

@book{aesthetiketymologiebuch,
	title="Deutsch-Griechisches Schulwörterbuch",
	author="Karl Schenkl",
	year="1897",
	publisher="B. G. Teubner"
}

@book{heisenberggesammelteschriften,
	subtitle="Gesammelte Werke, Abteilung CII",
	title="Allgemeinverständliche Schriften, Physik und Erkenntnis",
	publisher="Piper",
	author="Werner Karl Heisenberg",
	year=1984,
	editors="Walter Blum AND Hans-Peter Dürr AND Helmut Rechenberg"
}

@article{kanttheidealandthereal,
	journal="Nijhoff International-Philosophy Series",
	volume=37,
	editor="Jan T. J. Srzednick",
	author="Anthony Winterbourne",
	title="The Ideal and the Real",
	subtitle="An Outline of Kant's Theory of Space, Time and Mathematical Construction",
	publisher="Kluwer Academic Publishers",
	year=1988,
	isbn="978-94-010-7133-8"
}


@article{spacetimeandthoughtinkant,
	title="Space, Time and Thought in Kant",
	author="Arthur Melnick",
	publisher="Kluwer Academic Publishers",
	author="Donald Davidson AND Gabriel Nuchelmans AND Wesley C. Salmon",
	isbn="0-7923-0135-8",
	year=1989,
	journal="Studies in Epistemology, Logic, Methology and Philosophy of Science"
}

@book{kantkdv2,
	title="Kritik der reinen Vernunft",
	author="Immanuel Kant",
	isbn="3-937229-85-X",
	publisher="Voltmedia",
	year=2005,
	abbrev="KdV"
}

@InCollection{sepkantspacetime,
	author       =	{Janiak, Andrew},
	title        =	{Kant's Views on Space and Time},
	booktitle    =	{The Stanford Encyclopedia of Philosophy},
	editor       =	{Edward N. Zalta},
	howpublished =	{\url{https://plato.stanford.edu/archives/win2016/entries/kant-spacetime/}},
	year         =	{2016},
	edition      =	{Winter 2016},
	publisher    =	{Metaphysics Research Lab, Stanford University}
}

@online{psychonauticwikieternalism,
	author="PsychonautWiki",
	title="Perception of eternalism --- PsychonautWiki{,} ",
	year="2018",
	url="\url{https://psychonautwiki.org/w/index.php?title=Perception_of_eternalism&oldid=127421}",
	urldate="2019-02-23"
}

@book{heideggerkant,
	title="Kant und das Problem der Metaphysik",
	author="Martin Heidegger",
	publisher="Vittorio Klostermann",
	year=1991
}

@online{woerterbuchgrundbegriffe,
	url="http://www.zeno.org/Kirchner-Michaelis-1907",
	title="Wörterbuch der Philosophischen Grundbegriffe",
	author="Friedrich Kirchner AND Carl Michaëlis",
	year=1907,
	urldate="2019-02-23"
}

@online{pyrinfliegengott,
	url="https://www.youtube.com/watch?v=fgMz4T0MMXo",
	title="Fliegengott",
	author="Thomas Pyrin",
	album="Psychonautik",
	year=2010,
	urldate="2019-02-23"
}

@book{philosophyoftime,
	title="The philosophy of Time",
	author="Robin Le Poidevin AND Murray MacBeath",
	year=1993,
	publisher="Oxford University Press",
	isbn="978-0-19-823999-4"
}

@article{derbegriffderzeit,
	author="Martin Heidegger",
	title="Der Begriff der Zeit",
	volume=64,
	journal="Gesamtausgabe",
	year=2004,
	isbn="3-465-03358-2"
}

@online{dalitime,
	title="The Disintegration of the Persistence of Memory",
	author="Salvador Felipe Jacinto Dalí i Domènech",
	url="https://mind.english.ucsb.edu/undergraduate-course-memory-a-bridge-between-neuroscience-and-the-humanities/",
	urldate="2019-03-05",
	year=1931
}

@online{antikythera,
	url="https://en.wikipedia.org/wiki/Antikythera_mechanism",
	urldate={2019-03-11},
	title="Antikythera mechanism",
	year=2005,
	author="Marsyas"
}

@online{jvm,
	url="https://www.youtube.com/watch?v=HEdPX8pt_DQ",
	title="The Rise and Fall of Java",
	author="The Science Elf",
	year=2018,
	urldate={2019-03-11}
}

@online{moderncpu2,
	url="https://imgur.com/gallery/UxZmMh0",
	urldate={2019-03-11},
	title="Electron microscope picture of a section of a CPU",
	author="SinisterCheese",
	year=2015
}


@online{moderncpu,
	url="http://www2.optics.rochester.edu/workgroups/cml/opt307/spr06/alex/",
	urldate={2019-03-11},
	title="An Exploration into the World of Microprocessors",
	author="Alex Pisarski"
}

@online{strangelove,
	url="http://www.americancinemathequecalendar.com/content/dr-strangelove-or-how-i-learned-to-stop-worrying-and-love-the-bomb-2",
	urldate={2019-03-12},
	author="Stanley Kubrick",
	year=1964
}

@online{liquidcancer,
	url="https://de.wikipedia.org/wiki/Hexamethylphosphors%C3%A4uretriamid",
	urldate={2019-03-12},
	author="Wikipedia",
	year={-13,96 Milliarden Jahre}
}

@online{lavabild,
	url="https://pubs.usgs.gov/dds/dds-80/",
	year=1983,
	author="Jane Takahashi AND Christina Heliker AND Michael F. Diggles",
	urldate={2019-03-12}
}

@online{aboyandhisatom,
	url="http://www.extremetech.com/extreme/154664-ibm-creates-worlds-smallest-movie-with-a-handful-of-precisely-placed-atoms",
	title="IBM creates world’s smallest movie with a handful of precisely placed atoms",
	year=2013,
	author="Sebastian Anthony"
}

@online{pyrinzeitinfarkt,
	url="https://www.youtube.com/watch?v=2ilOQziGFIo",
	title="Zeitinfarkt",
	author="P\ensuremath{\lambda{}}rin",
	album="Der rote Teppich im Nichts",
	urldate={2019-03-14},
	year=2013
}

@article{oksapmin,
	doi = {10.2307/1129012},
	url = {https://doi.org/10.2307/1129012},
	year = {1982},
	month = oct,
	publisher = {{JSTOR}},
	volume = {53},
	number = {5},
	pages = {1242},
	author = {Geoffrey B. Saxe and Thomas Moylan},
	title = {The Development of Measurement Operations among the Oksapmin of Papua New Guinea},
	journal = {Child Development}
}

@online{atomuhrzeitdefinition,
	url="https://www.ptb.de/cms/fileadmin/internet/fachabteilungen/abteilung_4/Wie_funktioniert_eine_Atomuhr_new.pdf",
	title="Wie funktioniert eine Atomuhr?",
	author="Physikalisch-Technische Bundesanstalt Braunschweig",
	urldate={2019-04-28}
}

@journal{nomasturbationword,
	title="Sex and Searching for Children among Aka Foragers and Ngandu Farmers of Central Africa",
	author="Barry S. Hewlett AND Bonnie L. Hewlett",
	pages="107-125",
	journal="African Study Monographs",
	year=2010
}

@book{charlesfortbiographie,
	author="Ulrich Magin",
	title="Der Ritt auf dem Kometen",
	subtitle="Über Charles Fort",
	publisher="Zweitausendeins",
	year=1997,
	isbn="3-86150-192-9"
}

@online{onesoldier,
	title="One Soldier",
	author="Steven Wright",
	year=1999,
	urldate={2019-04-29},
	url="https://www.dailymotion.com/video/xnycle"
}

@online{balbinazeit,
	url="https://www.youtube.com/watch?v=Gj2GQ7JVdGw",
	urldate={2019-04-29},
	author="Balbina",
	title="Das Ist, die Zeit ist ein Egoist",
	year=2015
}

@online{philipkdick,
	author = "Philip K. Dick",
	title = "Philip K. Dick --- Wikiquote",
	year = "2019",
	url = "\url{https://en.wikiquote.org/w/index.php?title=Philip_K._Dick&oldid=2592491}",
	note = "[Online; accessed 15-May-2019]"
}

@book{tafelwerk,
	title="Das große Tafelwerk",
	subtitle="Interaktiv",
	publisher="Cornelsen",
	isbn="978-3-464-57144-6"
}

@journal{flowpaper,
	url="http://www.psych.uni-potsdam.de/people/rheinberg/messverfahren/Flow-FKS.pdf",
	title="Die Erfassung des Flow-Erlebens",
	author="Falko Rheinberg AND Regina Vollmeyer AND Stefan Engeser",
	journal="Diagnostik von Motivation und Selbstkonzept",
	pages="261-279",
	editor="*in J. Stiensmeier-Pelster \& F. Rheinberg",
	year=2003,
	publisher="Hogrefe"
}

@online{goetheknochen,
	url="https://www.spektrum.de/lexikon/biologie/goethe-johann-wolfgang/28813",
	title="Lexikon der Biologie",
	year=1999,
	urldate={2019-05-19},
	publisher="Spektrum Akademischer Verlag, Heidelberg"
}

@journal{mathematicsmeetphysics,
	journal="Mathematics meets physics",
	editor="Karl-Heinz Schlote AND Martina Schneider",
	subtitle="A contribution to their interaction in the 19$^\mathrm{th}$ and the first half of the 20$^\mathrm{th}$ century",
	title="Mathematische und phänomenologische Strenge: Distributionen in der Quantenmechanik und -feldtheorie",
	author="Klaus-Heinrich Peters",
	pages="374-393",
	publisher="Verlag Harry Deutsch"
}

@book{principiamathematicawit,
	doi = {10.15173/russell.v31i1.2198},
	url = {https://doi.org/10.15173/russell.v31i1.2198},
	year = {2011},
	month = may,
	publisher = {{McMaster} University Library Press},
	volume = {31},
	number = {1},
	author = {Kenneth Blackwell},
	title = {The Wit and Humour of \frq Principia Mathematica\flq},
	journal = {Russell: the Journal of Bertrand Russell Studies}
}

@online{bildzeugen,
	url="https://noizz.de/lifestyle/kongress-der-zeugen-jehovas-im-stadion-in-hamburg/8gcqf7v",
	title="Kongress der Zeugen Jehovas im Stadion in Hamburg - Noizz",
	author="Tim Osing",
	urldate={2019-06-01},
	year=2016
}

@online{descartesgucktbloed,
	url="https://twitter.com/badphilosophy",
	title="Bad Philosophy",
	urldate={2019-06-01},
	year=2008,
	author="Stephen Torrence AND Kevin Saunders AND Jediah Cummins"
}

@online{masochistcoffeepot,
	url="https://www.itsnicethat.com/articles/impossible-objects",
	title="Jacques Carelman’s Impossible Objects bought to life in all their irrational glory",
	author="Alex Bec",
	year=2012
}

@online{goedelperl,
	url="https://verrueckteideen.wordpress.com/2018/08/15/perl-module-for-encoding-decoding-godel-numbers-with-arbitrary-alphabets/",
	author="Norman Koch",
	year=2018,
	title="Perl Module for encoding/decoding Gödel-Numbers with arbitrary alphabets"
}

@online{schmitzlogik,
	url="https://www.youtube.com/watch?v=PFP-6GkYQm4",
	title="Hermann Schmitz im Gespräch III Über Logik",
	author="Hermann Schmitz AND Henning Hintze",
	year=2010,
	urldate={2019-08-03}
}

@book{feynmanjoking,
	author="Richard Feyman",
	title="Sie belieben wohl zu scherzen, Mr. Feynman",
	publisher="Piper",
	isbn="9-783492-113472"
}

@online{feuerameisen,
	title="Description of an injury in a human caused by a false tocandira (Dinoponera gigantea, Perty, 1833) with a revision on folkloric, pharmacological and clinical aspects of the giant ants of the genera Paraponera and Dinoponera (sub-family Ponerinae)",
	url="http://www.scielo.br/scielo.php?script=sci_arttext&pid=S0036-46652005000400012",
	author="Vidal Haddad Junior AND João Luiz Costa Cardoso AND Roberto Henrique Pinto Moraes",
	year=2005,
	issn="1678-9946"
}

@serie{derernstfall,
	title="Der Ernstfall",
	author="Howard Gewirtz",
	note="8F04",
	year=1991
}

@serie{lisablaesttruebsal,
	title="Lisa bläst Trübsal",
	author="Al Jean AND Mike Reiss",
	year=1991,
	note="7G06"
}

@serie{bartwirdeingenie,
	title="Bart wird ein Genie",
	author="Jon Vitti",
	year=1990,
	note="7G02"
}

@serie{esweihnachtetschwer,
	title="Es weihnachtet schwer",
	year=1989,
	author="Mimi Pond",
	note="7G08"
}

@serie{einfluchaufflanders,
	title="Ein Fluch auf Flanders",
	author="Jon Vitti",
	year=1991,
	note="7F23"
}

@serie{einmalwashingtonundzurueck,
	title="Einmal Washington und zurück",
	author="George Meyer",
	year=1991,
	note="8F01"
}

@serie{weristmonasimpson,
	title="Wer ist Mona Simpson?",
	author="Richard Appel",
	year=1995,
	note="3F06"
}

@serie{diesaxophongeschichte,
	title="Die Saxophon-Geschichte",
	year=1997,
	author="Al Jean",
	note="3G02"
}

@serie{derteufelssprung,
	title="Der Teufelssprung",
	year=1990,
	author="Jay Kogen AND Wallace Wolodarsky",
	note="7F06"
}

@serie{wennmutterstreikt,
	title="Wenn Mutter streikt",
	author="David Stern",
	year=1992,
	note="8F14"
}

@serie{homieundneddie,
	title="Homie und Neddie",
	author="David Richardson",
	year=1994,
	note="1F14"
}

@serie{istalleshinnimmfocusin,
	title="Ist alles hin, nimm Focusin!",
	author="George Meyer",
	year=1999,
	note="AABF22"
}

@serie{diegeburtstagsueberraschung,
	title="Die Geburtstags-Überraschung",
	author="Al Jean AND Mike Reiss",
	year=1991,
	note="7F24"
}

@serie{dasfernsehenistanallemschuld,
	title="Das Fernsehen ist an allem Schuld",
	author="John Swartzwelder",
	year=1990,
	note="7F09"
}

@online{liebhaberderladyb,
	title="Liebhaber der Lady B.",
	author="Bill Oakley AND Josh Weinstein",
	year=1994,
	note="1F21",
	url="https://simpsonspedia.net/index.php/Liebhaber_der_Lady_B."
}

@serie{derwettkoenig,
	title="Der Wettkönig",
	author="Jay Kogen AND Wallace Wolodarsky",
	year=1992,
	note="8F12"
}

@serie{hugokleinewesenundkang,
	title="Hugo, kleine Wesen und Kang",
	author="Ken Keele AND Dan Greaney AND David X. Cohen",
	year=1996,
	note="4F02"
}

@serie{brandundbeute,
	title="Brand und Beute",
	author="Bill Odenkirk",
	year=2007,
	note="JABF13"
}

@serie{dereignungstest,
	title="Der Eignungstest",
	author="George Meyer",
	year=1992,
	note="8F15"
}

@serie{tagderabrechnung,
	title="Der Tag der Abrechnung",
	author="David X. Cohen",
	year=1997,
	note="5F05"
}

@serie{homerhatteeinenfeind,
	title="Homer hatte einen Feind",
	year=1997,
	author="John Swartzwelder",
	note="4F19"
}

@online{aesopwolf,
	url="https://de.wikipedia.org/wiki/Der_Hirtenjunge_und_der_Wolf",
	title="Der Hirtenjunge und der Wolf",
	author="Äsop",
	urldate={2019-09-08}
}

@serie{eingrausigerverdacht,
	title="Ein grausiger Verdacht",
	year=1995,
	author="Dan McGrath",
	note="1F22"
}

@serie{wieallesbegann,
	title="Wie alles begann",
	year=1992,
	author="Al Jean AND Mike Reiss AND Sam Simon",
	note="7F12"
}

@serie{ueberraschungfuerspringfield,
	title="Überraschung für Springfield",
	year=1999,
	author="Al Jean",
	note="AABF15"
}

@serie{margesmeisterwerk,
	title="Marges Meisterwerk",
	author="Brian K. Roberts",
	year=1992,
	note="7F18"
}

@online{simpsonsfamilie,
	url="https://fortune.com/2016/03/18/simpsons-trump-presidency/",
	year=2016,
	author="Claire Groden"
}

@online{ledzephermit,
	url="https://www.pinterest.co.uk/pin/810296157928480465/",
	title="Wallpaper Led Zeppelin"
}

@online{1f14capsule,
	url="https://simpsonspedia.net/index.php/1F14_Capsule",
	title="S05E16 - Homie und Neddie - Capsule - Simpsonspedia"
}

@online{eddie,
	url="https://www.pacific-travel-house.com/blog/2017/07/wer-ist-eigentlich-eddie-aikau/",
	title="Wer ist eigentlich\dots Eddie Aikau?",
	year=2017,
	author="Viv"
}

@online{nytforget,
	url="https://www.nytimes.com/2019/09/19/science/brain-memory-forgetting-mind.html",
	title="Scientists Identify Neurons That Help the Brain Forget",
	author="Knvul Sheikh",
	year=2019
}

@online{hitlerrailgun,
	url="https://de.wikipedia.org/wiki/80-cm-Kanone_(E)",
	title="80-cm-Kanone (E) -- Wikipedia",
	year=2019
}

@online{maggieeinstein,
	url="https://purpleclover.littlethings.com/entertainment/8284-simpsons/item/einstein/",
	title="20 Most Brilliant Moments on 'The Simpsons'",
	author="Champ Clark",
	year=2018
}

@online{epizyklen,
	title="Deferent and epicycle | Wikipedia",
	url="https://en.wikipedia.org/wiki/Deferent_and_epicycle",
	year=2019
}
		

@online{skatefail,
	url="https://www.youtube.com/watch?v=bbNT2Na38R4",
	title="Funniest Skateboard Fail Compilation | 8Fails",
	year=2015
}

@online{wassily,
	url="https://www.meisterdrucke.de/kunstdrucke/Wassily-Kandinsky/557692/Schnittlinien,-1923.html",
	author="Wassily Kandinsky",
	title="Intersecting Lines 1923",
	year=1923
}

@online{propagandaarchive,
	url="https://research.calvin.edu/german-propaganda-archive/thumb.htm",
	author="Julius Streicher",
	title="Der Giftpilz",
	urldate={2020-01-27}
}

@online{geologebild,
	url="https://www.geo.de/geolino/berufe/13784-rtkl-beruf-geologe",
	title="Geologe",
	author="Geolino"
}

@online{koloniezaehler,
	url="https://www.berger-meditec.com/schuett-count-colony-counter-p-20429",
	title="schuett count - colony counter",
	author="Berger meditec"
}

@online{electronemicroscopeimage,
	author = "Wikipedia",
	title = "Mikroskop --- Wikipedia{,} Die freie Enzyklopädie",
	year = "2020",
	url = "\url{https://de.wikipedia.org/w/index.php?title=Mikroskop&oldid=199868536}",
	note = "[Online; Stand 16. Juni 2020]"
}

@online{snow,
	author = "Wikipedia",
	title = "Schnee --- Wikipedia{,} Die freie Enzyklopädie",
	year = "2020",
	url = "\url{https://de.wikipedia.org/w/index.php?title=Schnee&oldid=197861771}",
	note = "[Online; Stand 16. Juni 2020]"
}

@online{ant,
	author = "{Wikipedia contributors}",
	title = "Electron microscope --- {Wikipedia}{,} The Free Encyclopedia",
	year = "2020",
	howpublished = "\url{https://en.wikipedia.org/w/index.php?title=Electron_microscope&oldid=962935836}",
	note = "[Online; accessed 16-June-2020]"
}

@online{werdenktabstrakt,
	title="Wer denkt abstrakt?",
	author="Georg Wilhelm Friedrich Hegel",
	url="http://www.zeno.org/Philosophie/M/Hegel,+Georg+Wilhelm+Friedrich/Wer+denkt+abstrakt",
	urldate={2020-08-03}
}

@book{hardy1967mathematician,
	title={A Mathematician's Apology},
	author={Hardy, G.H.},
	isbn={9780521095778},
	lccn={67021958},
	url={https://books.google.de/books?id=3R04AAAAMAAJ},
	year={1967},
	publisher={Cambridge University Press}
}


@online{wikirelais,
	author = "Simon A. Eugster",
	title = "File:Relais-Finder-12A.webm --- Wikimedia Commons{,} the free media repository",
	year = "2020",
	url = "https://commons.wikimedia.org/w/index.php?title=File:Relais-Finder-12A.webm&oldid=440594179",
	note = "[Online; accessed 20-March-2021]"
}

@online{integratorbild,
	author="Kaushik Patowary",
	title="Vladimir Lukyanov’s Water Computer",
	url="https://www.amusingplanet.com/2019/12/vladimir-lukyanovs-water-computer.html",
	urldate="{2021-20-03}"
}

@misc{wikibsod,
	author = "Wikimedia Commons",
	title = "File:BSOD Windows 8.png --- Wikimedia Commons{,} the free media repository",
	year = "2020",
	url = "https://commons.wikimedia.org/w/index.php?title=File:BSOD_Windows_8.png&oldid=491631615",
	note = "[Online; accessed 20-March-2021]"
}

@online{coffeepot,
	url="https://jnd.org/emotion_design_attractive_things_work_better/",
	author="Donald Arthur Norman",
	year=2002,
	title="Emotion \& Design: Attractive things work better"
}

@online{schmitzbild,
	url="https://www.philomag.de/artikel/hermann-schmitz-gefuehle-sind-keine-privatsache",
	title="Hermann Schmitz: \glqq Gefühle sind keine Privatsache\grqq",
	year=2017,
	author="Inna Barinberg"
}

@misc{schmitzbildwiki,
	author = "Wikimedia Commons",
	title = "File:Hermann Schmitz Foto.jpg --- Wikimedia Commons{,} the free media repository",
	year = "2020",
	url = "https://commons.wikimedia.org/w/index.php?title=File:Hermann_Schmitz_Foto.jpg&oldid=461671795",
	note = "[Online; accessed 20-March-2021]"
}

@online{creepyimage,
	url="https://www.architecturaldigest.com/story/creepiest-places-you-should-probably-never-visit",
	title="9 Creepiest Places You Should Probably Never Visit",
	author="Kristine Hansen",
	year=2019
}

@misc{wikieuphoria,
	author = "Wikimedia Commons",
	title = "File:Jumping Giulia Salar de Uyuni Bolivia Luca Galuzzi 2006.jpg --- Wikimedia Commons{,} ",
	year = "2021",
	url = "https://commons.wikimedia.org/w/index.php?title=File:Jumping_Giulia_Salar_de_Uyuni_Bolivia_Luca_Galuzzi_2006.jpg&oldid=530222433",
	note = "[Online; accessed 21-März-2021]"
}

@book{thenamiracleoccurs,
	author="Sidney Harris",
	title="What's so Funny about Science?",
	year=1970,
	isbn="0-913232-39-4"
}

@online{creepysound,
	url="https://www.youtube.com/watch?v=xjlu-cFklu4",
	title="3 HOURS of Abandoned Building Sounds - Creepy Stairs Sound Effect - Immersive Soundscape",
	author="Sound Therapy",
	year=2020
}

@online{glitch,
	url="https://www.youtube.com/watch?v=Qr97yriMLBo",
	title="Defect Screen - Glitch Effect Footage Free",
	author="Free Stock Footage Archive",
	year=2019
}

@online{office12,
	url="https://www.computerbase.de/2005-09/office-12-mit-voellig-neuer-benutzeroberflaeche/",
	title="Office 12 mit völlig neuer Benutzeroberfläche",
	author="Frank Hüber",
	year=2005
}


@online{forkcanfail,
	title="fork() can fail: this is important",
	author="Rachelbytheway",
	url="https://rachelbythebay.com/w/2014/08/19/fork/"
}

@online{wearsunscreen,
	title="Wear Sunscreen",
	author="Baz Luhrmann",
	year=1999,
	url="https://www.youtube.com/watch?v=pVQeP5vRP5E"
}

@misc{wikirtfm,
	author = "Wikimedia Commons",
	title = "File:RTFM (12034282963).jpg --- Wikimedia Commons{,} the free media repository",
	year = "2020",
	url = "https://commons.wikimedia.org/w/index.php?title=File:RTFM_(12034282963).jpg&oldid=477939492",
	note = "[Online; accessed 21-March-2021]"
}

@online{speechrecognitionimage,
	url="https://www.athreon.com/benefits-and-challenges-of-speech-recognition/",
	title="The Benefits and Challenges of Speech Recognition",
	author="Athreon Corporation"
}

@misc{wikivonneumann,
	author = "Wikimedia Commons",
	title = "File:Von Neumann Architecture.svg --- Wikimedia Commons{,} the free media repository",
	year = "2020",
	url = "\url{https://commons.wikimedia.org/w/index.php?title=File:Von_Neumann_Architecture.svg&oldid=481743644}",
	note = "[Online; accessed 24-March-2021]"
}

@online{halfadderfulladder,
	url="https://www.101computing.net/binary-additions-using-logic-gates/",
	title="Binary Additions using Logic Gates",
	author="Philippe Kerampran"
}

@misc{wikikernel,
	author = "Wikimedia Commons",
	title = "File:Kernel Layout.svg --- Wikimedia Commons{,} the free media repository",
	year = "2021",
	url = "\url{https://commons.wikimedia.org/w/index.php?title=File:Kernel_Layout.svg&oldid=538228326}",
	note = "[Online; accessed 24-March-2021]"
}

@online{multiplier,
	url="https://technobyte.org/multiplier-2-bit-3-bit-digital/",
	title="Multiplier – Designing of 2-bit and 3-bit binary multiplier circuits",
	author="Umair Hussaini",
	year=2018
}

@online{howaristotleinventedcomputers,
	url="https://www.theatlantic.com/technology/archive/2017/03/aristotle-computer/518697/",
	title="How Aristotle Created the Computer",
	author="Chris Dixon",
	year=2017
}

@online{tunnelradio,
	url="https://commons.wikimedia.org/wiki/File:Gotthard-Strassentunnel_Nord-S%C3%BCd-8915.jpg",
	author="Raimond Spekking",
	title="Gotthard-Strassentunnel in einer Nord-Süd-Befahrung. Foto: Im Tunnel ein Hinweisschild auf die Radiofrequenzen des Tunnelradios",
	year=2013
}

@online{matrixmultiplication,
	url="https://texample.net/tikz/examples/matrix-multiplication/",
	title="Example: Matrix multiplication",
	author="Alain Matthes"
}

@online{hegeldeutschlandfunk,
	url="https://www.deutschlandfunk.de/vor-250-jahren-geboren-der-philosoph-georg-wilhelm-100.html",
	title="Der Philosoph Georg Wilhelm Friedrich Hegel",
	author="Christoph Vormweg",
	year=2020
}

@online{hegelabstrakt,
	url="http://www.zeno.org/Philosophie/M/Hegel,+Georg+Wilhelm+Friedrich/Wer+denkt+abstrakt",
	title="Wer denkt abstrakt",
	author="Georg Wilhelm Friedrich Hegel",
	year=1807
}
